2694 4582
187 272 252 336 200
524 266 567 318 De
587 267 744 319 mutatione
767 263 900 330 subjecti.

275 470 312 532 In
344 469 480 551 subjecto
513 470 658 533 mutando
678 468 838 533 luvenalis
869 467 950 530 ultra
979 466 1055 529 fines
1083 482 1244 528 concessos

188 595 366 659 progressus
382 594 448 639 esse
470 576 554 640 nullo
577 578 666 640 modo
689 575 749 640 diei
767 577 879 657 potest,
900 591 973 638 nam
995 573 1075 653 quod
1099 591 1117 636 a
1149 571 1242 634 tertia

79 715 84 727 ·
189 683 274 747 verbi
318 701 447 763 persona
486 684 524 746 ad
570 683 733 746 secundam
792 682 841 746 vel
879 700 898 745 a
944 680 1075 744 seeundo
1112 696 1242 760 persona

190 790 229 854 ad
251 790 372 853 tertiam
396 789 482 853 nulla
506 789 636 871 subjecti
657 790 771 852 mutati
787 787 1005 870 significatione
1028 777 1108 850 faeta
1131 785 1245 867 saepius

189 896 314 972 transit,
349 897 484 960 omnium
507 897 668 960 satirarum
696 896 892 977 scriptorum,
921 897 973 977 qui
995 897 1049 959 aut
1071 909 1241 975 personam,

192 1022 323 1086 quaeum
353 1003 579 1084 colloquuntur,
613 1002 749 1085 fingunt,
783 1007 837 1066 ant
864 1020 993 1084 quorum
1020 1001 1121 1066 animo
1147 999 1247 1062 leotor

192 1112 378 1182 obversatur,
402 1128 561 1173 commune
577 1115 632 1185 ast,
656 1112 687 1174 et
698 1114 809 1191 praeter
821 1110 932 1173 formas
955 1109 1026 1172 hino
1048 1111 1130 1173 ortas
1153 1108 1244 1171 modo

190 1217 223 1280 in
246 1216 339 1280 satira
361 1220 446 1279 serta
468 1235 503 1280 ea
524 1217 666 1298 loquendi
689 1217 789 1280 forma
802 1217 976 1298 frequenter
999 1216 1137 1295 o'oourrit,
1162 1216 1243 1294 quod

192 1323 381 1404 subjeetum,
411 1324 462 1387 ubi
486 1341 584 1388 sermo
607 1343 625 1386 a
647 1323 742 1387 totius
765 1323 944 1386 feminarum
968 1323 1088 1404 generis
1109 1340 1247 1386 eommo-

118 1462 122 1472 ·
192 1431 360 1494 moratione
376 1431 414 1492 ad
436 1449 559 1495 uxorem
584 1429 796 1512 exagitandam
818 1430 988 1504 revertitur,
1010 1429 1172 1510 aliquoties
1195 1429 1243 1493 in-

193 1537 342 1602 solentius
365 1538 510 1600 mutatur.
555 1538 649 1600 Poeta
671 1536 771 1614 enim,
806 1537 857 1616 qui
879 1537 937 1599 hae
959 1535 1052 1600 satira
1075 1553 1107 1599 se
1130 1537 1245 1600 Postu-

192 1662 278 1708 mum
310 1637 544 1708 amatrimo'nio
570 1644 702 1707 ineundo
731 1644 883 1706 deterrere
915 1642 1020 1724 fingit,
1058 1660 1244 1724 quamquam

193 1769 298 1815 omnes
321 1751 451 1815 feminas
484 1751 528 1814 ita
550 1751 748 1832 degenerasse
771 1749 861 1826 dioit,
884 1753 935 1827 ut,
970 1749 1022 1832 qui
1043 1753 1145 1813 mente
1168 1768 1244 1814 sana

145 1900 147 1904 ι
193 1858 244 1932 sit,
268 1858 306 1921 de
329 1876 420 1920 uxore
443 1858 580 1920 ducenda
602 1857 736 1939 cogitare
757 1860 976 1942 posse-neget,
999 1874 1124 1920 uxorem
1146 1856 1246 1921 multo

192 1965 325 2047 peiorem
355 1982 446 2044 quarn
468 1964 600 2045 virgines
624 1981 691 2026 esse
715 1963 823 2044 ubique
846 1963 1013 2038 contendit,
1046 1982 1114 2028 eam
1135 1963 1244 2045 impri-

192 2071 252 2149 mis
274 2071 454 2151 perstringit
476 2075 566 2150 atque
589 2071 716 2132 adeam
741 2089 863 2154 semper
885 2071 1064 2147 revertitur,
1094 2070 1173 2134 unde
1197 2070 1242 2146 fit,

188 2176 439 2252 ,uterstentlooi
461 2175 623 2257 inquibus,
646 2180 806 2258 postquam
821 2178 854 2240 in
864 2176 1105 2258 praecedentibus
1117 2179 1245 2247 cunetas

195 2284 325 2348 feminas
348 2283 517 2359 aeousavit,
552 2283 653 2348 subito
682 2285 720 2346 ad
752 2302 876 2347 uxorem
914 2270 1033 2359 redeat,
1068 2286 1121 2348 sed
1148 2303 1243 2366 quum

194 2391 292 2454 lector
313 2390 371 2454 hoo
394 2389 459 2453 eius
481 2409 564 2454 more
577 2394 718 2455 assuetus
732 2390 904 2473 subjeetum
926 2390 1015 2455 laoile
1038 2391 1188 2472 suppleat,
1212 2391 1245 2454 hi

193 2497 253 2561 looi
274 2496 351 2560 nihil
374 2496 440 2560 duri
463 2497 586 2561 habent.
631 2497 662 2562 Si
686 2498 858 2583 exemplum
882 2498 984 2579 paullo
1007 2499 1113 2561 durius
1135 2495 1246 2566 erueru-

148 2664 160 2677 ,
193 2605 268 2668 dum
290 2607 346 2682 est,
370 2606 423 2668 aut
445 2605 545 2681 loeus,
569 2605 620 2686 qui
642 2623 661 2668 a
682 2625 710 2669 v.
735 2607 804 2687 235
819 2605 945 2687 legitur,
976 2606 1164 2670 annotandas
1188 2607 1246 2681 est,

193 2711 246 2774 ubi
273 2713 381 2795 poeta,
423 2714 588 2796 postquam
615 2729 702 2776 soem
724 2711 892 2775 inmeriti
926 2713 1016 2800 domo
1048 2711 1125 2775 nihil
1157 2711 1248 2793 peius

193 2836 259 2882 esse
282 2817 454 2897 affirmavit,
478 2818 515 2881 ab
538 2817 630 2881 huius
648 2819 935 2883 commemoratione
947 2820 985 2882 ad
995 2835 1127 2895 uxorem,
1151 2835 1242 2900 quam

193 2924 415 2990 admonitiones
435 2925 543 2989 matris
561 2927 649 2988 tetrae
668 2926 864 3008 corruperint,
887 2924 1179 2990 oommemorandam
1193 2920 1249 2988 'su-

193 3031 258 3094 bito
284 3031 410 3095 transit:
437 3029 572 3111 Decipit
592 3030 654 3095 illo
677 3034 806 3114 (socrus)
839 3030 997 3096 Custodes
1019 3034 1079 3096 out
1101 3051 1164 3095 rare
1186 3029 1243 3094 do·

193 3140 274 3213 mat,
298 3140 375 3200 turre
399 3155 532 3217 corpore
553 3157 635 3203 soro
649 3137 799 3203 Adroeot
819 3137 908 3220 (lilia,
930 3147 1015 3216 uror)
1037 3137 1246 3219 Archigenen

195 3263 396 3324 onerosaque
412 3243 525 3324 pollio
540 3245 664 3326 jactat,
693 3264 751 3327 quo
773 3246 839 3309 looo
864 3247 1029 3327 Rupertius
1051 3245 1248 3322 adverbum,

195 3351 274 3432 quod
286 3353 334 3414 est
350 3350 497 3429 advocat,
521 3370 649 3430 socrum,
670 3349 823 3434 adjoo'tot
836 3370 959 3416 uxorem
977 3353 1162 3417 audiendam
1179 3371 1246 3417 esse

195 3458 403 3522 demonstrare
434 3462 576 3535 ¹oonatur,
609 3463 643 3537 et
675 3460 729 3523 alii
762 3478 883 3523 suorum
915 3459 1026 3541 ubique
1063 3459 1248 3524 audiendam

195 3582 263 3628 esse
286 3564 472 3628 contendunt
505 3603 546 3612 —
580 3569 634 3631 aut
661 3566 713 3630 ille
742 3566 841 3644 loeus,
870 3565 1047 3648 aliquota,
1081 3569 1248 3652 postquam

194 3670 326 3734 feminas
350 3688 384 3733 er
418 3672 515 3751 plebe,
542 3674 567 3736 si
591 3674 713 3737 fortuna
734 3675 838 3754 cogat,
870 3673 998 3737 nutricis
1026 3673 1144 3738 laboras
1167 3675 1249 3739 ferre

192 3777 279 3852 dixit,
302 3778 357 3841 hos
378 3795 483 3842 versus
506 3796 525 3842 a
546 3799 573 3844 v.
597 3782 659 3846 593
694 3779 866 3862 subjungit:
934 3765 939 3775 ’

239 3984 306 4049 Sed
319 3985 411 4066 joret
432 3989 551 4048 aurato
573 3987 629 4049 odor
652 3986 724 4049 ullo
741 4005 909 4067 puerpera
931 3985 1019 4050 lecto.
1261 4080 1264 4085 Ι

241 4091 384 4156 Tentura
406 4097 495 4157 artes
517 4092 625 4172 dadae,
649 4097 777 4158 taratara
798 4093 1015 4158 medicamina
1031 4099 1185 4175 poseant,
