2694 4582
195 309 256 372 176
420 303 461 355 De
482 303 629 370 infinitivo,
649 304 824 371 imperativo,
843 306 1004 374 participio.
1033 362 1039 372 ‚

190 508 300 571 addere
313 507 420 576 solent.
441 507 599 570 Iuvenalis
611 490 712 570 abhoc
722 507 864 587 loquendi
874 525 984 588 genere
995 507 1040 570 ita
1051 509 1191 582 abstinet
1203 511 1240 573 ut

191 617 279 678 modo
288 615 446 698 adjectivo,
455 614 723 695 quodestuescius
734 616 763 688 ¹),
777 616 808 677 et
815 614 854 678 iis
860 614 1026 696 adjectivis,
1033 634 1099 697 quae
1108 617 1137 678 iu
1150 633 1240 698 prosa

191 722 325 785 oratione
347 721 532 785 infinitivum
554 720 701 784 asciscere
736 720 847 797 solent,
878 740 948 784 eurn
982 723 1077 786 addat.
1125 723 1238 805 Adjec-

190 829 262 892 tivis
285 832 397 905 autern,
420 848 487 910 quae
510 831 581 890 suut
598 831 706 906 uptus,
730 826 853 903 docilia,
876 832 1035 906 maturus,
1058 829 1161 907 atilio,
1184 831 1239 895 da·

191 935 290 998 tivum
311 934 470 1017 gerundivi
498 933 661 1015 adjungere
685 939 783 998 amat:
812 935 900 1011 XIV,
935 939 975 1001 62
1004 935 1102 1000 Utilis
1124 940 1155 1000 et
1176 936 1241 1001 bel-

191 1040 298 1104 lorum
321 1046 351 1105 et
366 1042 465 1122 puris
494 1041 748 1122 recisamentis
777 1043 843 1117 (etr.
867 1043 939 1105 Hor.
963 1042 999 1105 A.
1026 1045 1059 1108 P.
1083 1047 1145 1111 204
1173 1043 1240 1110 Uti

192 1149 235 1213 lis
258 1153 431 1232 aspirare),
454 1148 536 1224 XIV,
571 1152 612 1214 40
634 1147 763 1211 Docilis
795 1149 967 1212 imitandis
1001 1143 1152 1230 turpibus
1175 1151 1240 1226 (Sil.

191 1259 288 1332 XIII,
325 1262 385 1324 120
406 1255 519 1320 Dociii
542 1256 722 1337 accedere),
757 1255 815 1332 VI,
849 1239 907 1322 581
934 1255 1030 1319 Hora
1058 1259 1170 1338 aptior
1191 1277 1242 1321 cu·
1334 1300 1341 1306 ·

186 1365 309 1446 piccio
334 1365 411 1439 cito,
437 1365 519 1441 VIII,
547 1368 607 1429 169
631 1363 790 1425 Maturus
813 1343 964 1426 omuibus
987 1363 1124 1428 tuendis
1169 1365 1241 1428 Infi-

192 1473 308 1537 nitivus
331 1471 509 1548 historiens,
539 1471 590 1552 qui
614 1472 748 1547 vocatur,
771 1471 849 1550 apud
872 1470 1054 1534 Iuvenalem
1077 1490 1136 1534 non
1157 1472 1242 1535 inve·
1340 1474 1343 1481 ’

192 1581 320 1661 nieme),
342 1579 394 1660 qui
411 1597 508 1659 neque
527 1595 596 1640 eurn
611 1580 769 1657 poetarum
781 1595 895 1640 morem
907 1577 1053 1653 imitatur,
1068 1597 1127 1659 quc
1138 1578 1241 1641 inlini-

191 1689 275 1752 tivus
297 1685 473 1768 pronomine
496 1684 597 1746 addito
621 1701 674 1763 pro
698 1684 817 1746 notione
841 1684 977 1765 ponitur,
1012 1704 1079 1766 qnae
1101 1685 1241 1748 substau-

194 1795 258 1858 tivo
282 1793 381 1875 posito
405 1791 531 1873 exprimi
553 1791 632 1853 solet
643 1790 676 1870 ³).
716 1789 823 1870 Neque
847 1790 926 1871 apud
948 1791 1019 1856 Juv.
1042 1811 1140 1874 neque
1162 1792 1242 1875 apud
1343 1815 1345 1818 ·

192 1901 332 1965 Persium
363 1918 417 1980 pro
440 1897 612 1961 accusativo
635 1917 702 1960 cum
720 1896 878 1972 infinitivo,
901 1898 952 1960 ubi
979 1898 1149 1981 subjectum
1172 1919 1243 1964 sen-

192 2007 296 2070 tentiae
319 2005 451 2085 regentis
475 2009 504 2066 et
528 2002 687 2085 pendentis
711 2023 870 2067 commune
901 2007 965 2086 cst,
989 2005 1118 2088 simplex
1134 2007 1242 2070 Infini-

193 2115 275 2177 tirus
300 2113 436 2194 ponitur,
461 2129 556 2191 neque
580 2110 752 2191 subjectum
776 2111 935 2174 sententia>
958 2130 1011 2192 per
1035 2114 1259 2199 accusativum¹

195 2241 264 2284 cum
287 2219 437 2294 infinitivo
462 2219 551 2280 elatee
574 2236 704 2297 usquam
727 2217 930 2293 omittitur4);
952 2237 1136 2301 quamquam
1157 2220 1243 2284 deni·

193 2347 252 2410 que
268 2327 347 2408 apud
361 2326 475 2408 priores
498 2323 667 2387 infinitivus
680 2323 778 2387 verbis
790 2324 953 2403 nonnullis,
977 2326 1008 2389 in
1031 2327 1140 2408 quibus
1161 2326 1245 2390 inest

192 2435 238 2498 vis
261 2434 368 2497 aliena
391 2431 518 2495 actionis
546 2431 771 2511 promovendae,
806 2431 910 2495 crebro
933 2433 1061 2510 additur,
1083 2433 1242 2497 Iuvenalis

193 2542 281 2604 modo
302 2541 334 2603 in
358 2543 413 2603 sat.
427 2541 456 2598 X
468 2560 495 2605 v.
509 2542 570 2603 343
584 2537 758 2600 Permittes
768 2539 960 2602 numinibus
972 2539 1148 2620 expendere
1159 2539 1242 2604 dixit.

195 2720 368 2727 ...ψ-..β
380 2719 425 2723 -ν
439 2717 746 2731 --Ι--ω--ς--ῄυ
1163 2720 1168 2725 ,
1223 2721 1237 2726 -

258 2807 309 2871 lli,
329 2808 369 2870 51,
390 2803 437 2868 IV,
459 2806 498 2868 16,
519 2803 550 2864 ΙΙ,
572 2805 612 2869 16,
632 2805 674 2868 20,
695 2807 736 2868 11,
756 2804 803 2868 37,
824 2802 871 2868 Vl,
891 2806 938 2866 ii,
953 2806 1005 2874 76,
1027 2804 1128 2869 quibus
1147 2803 1242 2869 adjec-

259 2891 324 2942 tivis
344 2888 527 2953 substantiva,
548 2902 609 2952 quae
629 2893 696 2940 sunt
713 2888 794 2952 opifex
813 2893 842 2939 et
863 2889 963 2954 artr'fex,
992 2887 1105 2954 adjungi
1122 2892 1243 2954 possunt

261 2976 312 3026 cl'r.
333 2964 379 3033 VI,
397 2977 426 3038 1,
444 2972 508 3024 Pro.
538 2974 582 3035 11,
611 2971 685 3038 apud
703 2971 852 3023 Horatium
873 2978 949 3023 sunt:
977 2972 1066 3038 durna,
1082 2973 1167 3036 piper.
1186 2989 1242 3021 caa-

260 3061 310 3119 tus,
327 3075 417 3120 soeuus,
436 3056 513 3120 utilis,
542 3056 649 3121 idoneus,
672 3056 789 3116 callidus,
808 3056 905 3121 doctus,
921 3058 1008 3121 pernix
1027 3054 1076 3107 cfr.
1095 3055 1153 3107 sat.
1172 3055 1199 3120 I,
1218 3043 1247 3120 4,Ι

259 3146 284 3205 8,
304 3145 350 3208 tn,
369 3143 393 3205 6,
413 3143 459 3194 dl:
477 3138 572 3205 Epist.
592 3140 614 3206 Ι,
635 3142 675 3204 15,
695 3141 742 3207 303
764 3142 804 3204 16,
824 3141 869 3204 123
898 3142 930 3192 A.
949 3140 979 3192 Ρ.
999 3142 1060 3205 165,
1089 3138 1139 3191 Od.
1157 3139 1180 3206 Ι,
1202 3141 1243 3205 16,

259 3229 289 3290 8,
309 3226 358 3290 ΙΙΙ,
377 3227 403 3286 6,
423 3225 466 3278 38.

219 3312 239 3376 ¹)
261 3313 278 3372 I,
297 3313 346 3365 100
365 3309 439 3360 Miles
457 3309 550 3358 nescitis
568 3309 656 3357 mirari
673 3317 754 3372 artes;
774 3306 856 3371 XIII,
877 3311 929 3363 240
947 3307 1003 3360 alia
1022 3313 1066 3359 est
1083 3307 1160 3360 ratio
1180 3307 1242 3360 infi-

260 3394 352 3448 nitivi:
372 3394 462 3442 mutari
477 3393 558 3442 nescia
576 3413 608 3437 =
627 3392 691 3443 fixa.

218 3480 239 3545 ²)
258 3478 341 3544 Apud
356 3478 504 3530 Horatium
522 3475 769 3554 frequentissimus
789 3482 833 3528 est
849 3476 901 3526 cl'r.
922 3474 980 3527 Set.
998 3475 1021 3541 Ι,
1040 3479 1065 3541 5,
1084 3477 1132 3542 31,
1151 3477 1176 3542 8,
1194 3478 1243 3540 17,

260 3565 283 3628 9,
302 3563 327 3627 9,
346 3563 393 3626 65,
412 3561 448 3626 ΙΙ,
468 3562 492 3625 3,
518 3562 580 3624 3163
599 3562 623 3625 8,
643 3561 683 3615 59.
861 3558 865 3563 ’

219 3647 241 3710 ³)
261 3647 317 3699 cfr.
336 3645 414 3696 Pers.
440 3645 467 3709 I,
487 3644 520 3698 28
544 3644 618 3693 Tuum
646 3645 722 3706 scire;
750 3643 771 3703 Ι,
790 3645 806 3698 9
824 3642 940 3693 Nostrum
967 3643 1031 3693 ittud
1059 3645 1136 3694 vivere
1162 3646 1243 3708 triate;

259 3729 280 3795 Ι,
299 3733 348 3785 122
367 3730 421 3780 Hoc
437 3729 515 3778 ridere
532 3745 619 3793 τηουγη,
639 3727 684 3793 VI,
703 3729 737 3782 38
754 3728 806 3777 Hoc
823 3737 924 3778 nostmm
941 3745 1034 3792 rapere.

218 3815 237 3882 Ι)
258 3813 314 3868 cfr.
341 3814 418 3865 Pers.
438 3813 475 3864 ΙΙ.
494 3814 526 3867 23
545 3813 668 3876 Ipnouisse
689 3821 762 3876 putas
780 3811 903 3878 (Iovem)
923 3813 989 3878 quia,
1008 3830 1077 3876 quum
1094 3822 1163 3880 tona,
1181 3813 1245 3863 ocius

261 3899 308 3948 ilex
327 3897 448 3961 Sulpicia
465 3896 601 3959 discutitur,
621 3896 688 3948 Hor.
702 3895 795 3962 Epist.
813 3896 836 3960 I,
856 3898 897 3962 18,
917 3898 980 3963 104,
1002 3899 1042 3964 16,
1062 3898 1107 3962 30,
1132 3911 1166 3949 ne
1187 3911 1244 3949 cre·

261 3982 327 4034 bras
347 3980 460 4046 quidem
479 3979 590 4046 Virgilii
610 3979 740 4032 infinitivi
758 3979 883 4046 ponendi
903 3980 1017 4046 formas,
1050 3980 1148 4046 quales
1168 3986 1245 4034 sunt:

260 4067 329 4118 Aen.
356 4065 391 4130 II,
419 4066 470 4119 432
493 4065 576 4114 Testor
592 4065 719 4122 vitavisse,
737 4063 793 4128 III,
813 4064 863 4118 603
881 4065 972 4115 Fateor
987 4066 1097 4131 petiisse,
1116 4063 1169 4131 VI,
1196 4066 1246 4120 352

259 4151 323 4201 Juro
341 4150 444 4215 cepisse,
463 4147 611 4201 ,Iuvenalis
629 4148 755 4200 imItatus
775 4155 828 4201 est.
