2694 4582
180 262 240 348 122
614 282 655 335 ne
676 282 780 349 errrpsr.

175 486 237 550 ciat
259 486 361 550 clauso
385 485 512 550 Veiento
533 484 668 548 labello?
691 488 780 567 rogat
802 502 857 549 nos
879 485 1037 550 intrantes.
1072 487 1222 551 Nummos

173 610 312 675 promere
336 595 529 667 cunctamur3
565 609 704 656 caussam
738 593 841 674 tingit,
875 613 928 656 cur
957 594 1151 658 excludamur
1182 631 1221 640 --

174 700 266 764 metit
288 700 421 774 barbam,
447 700 570 782 deponit
593 700 705 762 crinem
729 700 823 763 amati
838 725 892 774 -3
915 700 977 763 liba
1001 705 1102 765 nostra
1124 701 1221 782 porri-

173 807 290 890 gimus:
319 807 427 889 »plena
454 809 560 872 domus
582 807 654 870 libis
673 807 838 870 venatibus.
861 807 976 889 Accipe
1001 810 1032 871 et
1053 807 1135 872 istud
1159 807 1220 872 fer-

172 918 312 978 mentum
336 915 422 991 (liba)
444 915 499 978 tibi
523 915 631 989 habe«,
655 913 775 977 clamat.
833 913 937 978 Oratio
966 918 1047 978 certe
1078 918 1148 997 apte
1170 917 1221 980 do·

172 1023 276 1099 currit,
286 1092 288 1097 ,
300 1023 353 1086 scd
364 1021 565 1104 fermentum
577 1023 613 1085 de
624 1020 696 1084 libis
713 1021 771 1085 dici
784 1039 871 1103 posse
888 1023 1090 1087 demonstrari
1104 1024 1219 1105 nequit,

171 1135 203 1194 et
226 1130 294 1194 b'ba
315 1129 449 1194 uenalia
472 1134 543 1193 sunt
564 1129 641 1205 liba,
678 1149 746 1211 quae
774 1133 905 1193 veneunt
939 1129 1005 1204 (cfr.
1028 1131 1122 1207 VIII,
1160 1133 1220 1198 162

170 1237 281 1302 acacii
304 1236 443 1319 luperca),
479 1239 624 1300 nontam
648 1237 742 1300 muita
767 1237 845 1314 liba,
879 1239 914 1300 ut
935 1237 1069 1302 venditio
1097 1237 1219 1302 institui

170 1345 277 1427 possit.
325 1345 360 1408 Si
381 1348 486 1409 autem
509 1343 615 1422 verbis,
641 1364 708 1426 quae
731 1347 816 1407 sunt:
852 1343 973 1424 Accipe
995 1348 1025 1408 ct
1046 1345 1138 1408 istud
1149 1344 1218 1428 fcr-

169 1456 312 1517 mentum
335 1453 394 1516 ta'bi
417 1452 513 1530 baba,
547 1470 583 1515 ea
605 1452 786 1533 significatio
810 1452 988 1533 subjicitur,
1012 1471 1079 1534 quae
1101 1453 1140 1517 iis
1163 1454 1217 1516 arl-

135 1612 136 1615 ,
169 1560 316 1642 fingitur:
351 1560 433 1624 cadi
466 1563 496 1623 ct
518 1559 603 1622 barac
630 1561 691 1622 irre
714 1577 865 1621 caussam
895 1559 955 1622 tobi
977 1559 1066 1638 baba,
1099 1561 1218 1626 ethaeo

169 1668 262 1732 verba
285 1669 456 1743 Umbriam,
486 1686 652 1749 praegressa
676 1686 761 1730 servo
784 1667 1007 1745 attribuuntur,
1034 1687 1093 1731 non
1117 1668 1214 1731 solum

169 1777 357 1840 concinnitas
387 1776 592 1838 membrorum
623 1774 742 1837 tollitur
769 1812 811 1819 —-
840 1774 906 1837 duae
941 1775 1022 1837 enim
1056 1776 1215 1839 sententiae

169 1883 281 1964 ubique
311 1883 493 1964 junguntur,
527 1883 585 1944 diro
620 1881 757 1961 exempla
791 1885 944 1963 ponuntur
979 1919 1014 1927 —
1055 1883 1107 1946 sed
1142 1883 1214 1946 ordo

167 1989 268 2054 rerum
293 1990 368 2052 mire
391 1990 544 2065 turbatur,
582 2007 652 2051 nam
682 2006 838 2051 servorum
869 1989 1023 2069 rapacium
1051 1990 1214 2071 descriptio

167 2097 284 2160 verbis:
313 2101 477 2177 precatore
507 2096 631 2158 tributa
660 2115 729 2175 sqq.
759 2097 828 2176 apte
851 2096 969 2173 finitur,
1004 2096 1213 2178 imperativus,

167 2205 219 2286 qui
250 2207 297 2267 est
318 2204 454 2284 Accipe,
488 2221 667 2284 quamquam
702 2203 797 2266 lector
829 2203 934 2276 verba,
967 2222 1034 2285 quae
1065 2205 1212 2286 adjungit,

167 2313 265 2377 eidem
281 2312 427 2394 subjecto,
452 2313 530 2392 quod
543 2329 712 2392 praegressa
727 2311 819 2373 verba
840 2311 925 2382 dixit,
947 2331 1006 2373 non
1029 2314 1131 2392 potest
1152 2331 1212 2374 non

165 2420 345 2493 attribuere,
370 2438 481 2483 novum
504 2419 677 2500 subjectum
700 2418 781 2481 malo
804 2417 870 2481 loco
892 2419 1023 2495 inducit,
1046 2435 1212 2499 pronomen

165 2526 311 2608 denique,
337 2527 415 2608 quod
440 2530 487 2589 est
509 2525 613 2601 c'stod,
642 2525 758 2608 objecto
783 2525 958 2606 imperativi
981 2527 1155 2608 adjunctum
1180 2533 1212 2590 et

162 2634 199 2696 ad
223 2653 384 2715 personam
407 2635 580 2714 loquentem
603 2637 633 2696 ct
657 2635 752 2713 adea,
777 2653 844 2714 quae
868 2637 1045 2714 sequuntur,
1070 2634 1209 2714 retertur,

161 2741 241 2822 quod
263 2741 346 2804 nullo
376 2743 464 2804 modo
497 2742 565 2804 t'erri
598 2743 708 2822 potcst.
768 2740 835 2802 Hoc
865 2740 943 2802 enim
975 2759 1139 2820 pronomen
1162 2742 1210 2822 (ut

161 2849 240 2928 apud
267 2848 435 2925 Horatium,
460 2849 637 2930 Virgilium,
663 2848 818 2924 Ovidium)
842 2847 930 2910 modo
955 2847 998 2910 sic
1020 2848 1149 2929 ponitur.
1174 2854 1209 2912 ut

64 3004 68 3009 .
160 2955 274 3017 autad
297 2956 461 3018 secundam
484 2975 643 3036 personam
666 2956 768 3018 autad
791 2955 821 3016 id
836 2953 994 3032 referatur,
1018 2956 1104 3020 cuius
1128 2975 1209 3019 merr-

160 3061 205 3124 tio
226 3061 258 3124 in
280 3062 521 3143 praecedentibus
545 3064 624 3126 iacta
646 3068 702 3133 est,
728 3080 823 3143 neque
846 3081 976 3142 usquam
998 3062 1035 3125 ad
1057 3063 1088 3125 id
1112 3065 1207 3128 reter-

160 3171 218 3238 tur,
243 3170 322 3249 quod
344 3170 379 3246 is,
402 3171 453 3251 qui
476 3169 617 3251 quuitur,
641 3171 778 3234 dicturus
802 3173 856 3232 est.
891 3170 951 3232 Pro
973 3170 1075 3232 istum
1088 3171 1208 3253 Rupcr·

42 3269 45 3274 ’
158 3274 221 3338 tius
245 3276 463 3358 (impr·udens?)
486 3277 646 3341 substituit
657 3277 742 3340 barac
754 3278 849 3358 (istud
863 3277 1047 3340 fermentum
1068 3310 1109 3328 =
1127 3279 1206 3343 hanc

158 3382 211 3445 irae
235 3392 386 3460 caussam)
411 3389 441 3447 et
464 3384 650 3448 VorceIIinus
672 3386 704 3448 iu
727 3386 784 3447 ler.
808 3390 845 3460 (v.
859 3385 1054 3460 fermentum)
1079 3388 1206 3450 eandem

159 3489 416 3570 significationem
438 3491 582 3555 vocabulo
596 3492 763 3573 subjiciens
786 3490 872 3555 iliud
882 3491 1066 3556 fermentum
1089 3495 1201 3558 scribit
1288 3497 1297 3516 “

149 3595 187 3688 Α
210 3596 354 3660 Dellerrio
383 3599 477 3679 igitur
506 3602 632 3681 utraque
662 3599 815 3662 sententia
849 3598 969 3673 (Pdeoc
1001 3599 1114 3663 domus
1135 3621 1204 3682 sqq.

159 3740 197 3749 —
221 3704 341 3785 Accipe
364 3709 393 3768 et
415 3708 498 3787 app.)
528 3707 625 3770 eidem
648 3706 782 3788 personae
810 3709 891 3769 recte
919 3707 1112 3782 attribuitur,
1150 3712 1203 3773 sed

157 3812 312 3876 Umbricio
335 3831 395 3876 non
418 3831 503 3877 servo
527 3815 723 3877 attribuenda
745 3817 806 3886 est,
841 3820 871 3876 et
893 3798 985 3877 >verba
1013 3815 1106 3878 istud
1126 3815 1204 3896 Fer·

156 3923 299 3983 meretum
332 3920 370 3983 ad
394 3922 601 4000 praecedentia,
639 3921 791 4003 imprimis
823 3921 861 3984 ad
889 3919 956 3985 dibu
983 3922 1124 3998 cenatio,
1158 3944 1202 3989 ro·

156 4028 281 4090 terenda
303 4031 393 4100 sunt;
429 4028 506 4090 servi
529 4029 612 4091 enim
637 4045 761 4109 rapaces
784 4032 815 4092 et
837 4028 963 4093 clientes
984 4048 1125 4094 nummos
1147 4052 1203 4113 po-

156 4137 247 4198 scunt
271 4137 302 4197 et
324 4134 387 4197 liba
417 4153 520 4198 eorum
550 4137 701 4200 vendunt:
726 4139 783 4201 hoc
810 4140 859 4201 est
877 4135 982 4200 istud
994 4136 1201 4220 fermentum.
