2694 4582
178 296 239 360 156
621 293 662 344 De
683 291 786 357 ellipsi.
907 358 911 365 ⁵

176 496 358 560 femininum
385 495 527 577 adjectivi
553 494 602 558 vel
629 493 781 576 participii
814 511 911 574 genus
950 510 1002 574 pro
1032 492 1225 557 substantivo

174 603 260 684 ponit
283 603 349 682 (cfr.
374 622 400 666 r.
425 605 498 676 200,
521 604 607 679 497).

261 711 304 772 Ex
328 710 434 772 eadem
450 707 547 773 satira
561 708 670 782 locum,
693 708 745 772 ubi
757 707 789 771 in
803 706 959 789 particulae
976 726 1055 770 uam
1065 725 1124 770 usu
1137 706 1225 770 simi·

175 817 215 880 lis
238 815 382 879 orationis
405 814 540 878 brevitas
562 816 650 888 inest,
674 814 866 897 subjungam.
890 813 949 877 Ubi
961 816 1052 895 poeta
1062 814 1222 877 mulierem

176 922 213 985 de
236 923 381 986 Homero·
398 924 430 985 et
458 920 586 1002 Virgilio
615 920 822 1002 disputantem
852 938 1017 1002 omnesque
1046 919 1224 992 causidicos,

175 1028 269 1092 immo
292 1047 396 1092 omnes
419 1027 494 1092 alias
514 1029 646 1107 seminas
669 1029 818 1109 loquendo
840 1028 1012 1091 vincentem
1039 1045 1224 1091 commemo-

177 1138 235 1211 rat,
259 1135 291 1197 hi
314 1153 419 1198 versus
441 1135 586 1216 leguntur
610 1138 643 1216 (a
664 1155 691 1198 n.
714 1137 807 1214 442);

535 1283 615 1348 Jaru
636 1306 727 1350 uento
751 1286 861 1359 tubas,
883 1305 974 1349 ucruo
998 1305 1066 1349 cera
1079 1284 1223 1368 fatu‘pet;

269 1391 342 1457 Uua
366 1391 532 1456 laboranti
547 1394 672 1473 poterit
693 1412 883 1456 succurrere
906 1391 1001 1455 luuee.

160 1579 164 1586 x
263 1498 409 1579 Irupour't
422 1500 525 1583 fircera
546 1509 679 1580 sapieus
703 1494 733 1563 et
754 1500 850 1563 rebus
873 1497 1026 1562 honestis

264 1606 353 1669 Nuru
376 1626 448 1686 quoe
470 1606 564 1670 docta
586 1608 686 1670 uiuis
709 1607 798 1687 eupit
821 1609 850 1669 et
864 1604 1017 1687 facuuda
1038 1604 1143 1669 uideri

268 1711 372 1777 Orure
394 1716 488 1777 teuus
509 1713 612 1777 medio
636 1715 767 1777 tuuiaus
790 1714 976 1794 suaciupere
998 1711 1096 1790 debet,

268 1819 397 1883 Caedere
420 1820 556 1885 Silouuo
575 1841 726 1901 porcum,
751 1820 935 1900 quadrante
958 1819 1077 1883 lucari.

265 1927 343 1990 Nou
365 1925 482 1991 habeat
503 1932 670 2003 matrona,
694 1928 754 1991 tibi
776 1947 847 2006 quae
863 1927 983 2008 junctu
1004 1926 1168 2002 recumbit,

264 2032 407 2096 Du’ceudu'
427 2054 546 2114 qaum,
570 2039 629 2097 aut
651 2039 779 2098 eurturu
801 2054 946 2098 cerruoue
968 2037 1075 2098 rotato

269 2140 432 2221 Torqueat
454 2140 663 2223 euthymema,
685 2162 743 2205 uec
765 2141 922 2205 historias
944 2142 1028 2205 sciat
1050 2157 1167 2214 omues,

267 2247 333 2311 Sed
354 2249 503 2328 quadarn
526 2269 565 2313 ea
588 2249 682 2313 tibris
704 2252 736 2313 et
757 2269 824 2312 uou
845 2247 1019 2329 iutellu'pat.

181 2419 263 2498 Quot
288 2416 470 2499 interpretes
493 2421 539 2482 tot
561 2419 765 2483 enarrationes
787 2436 938 2493 versuum,
973 2416 1024 2498 qui
1047 2418 1132 2480 sunt:
1165 2415 1230 2479 Im·

174 2526 274 2606 pbuu't
287 2526 390 2610 fiueua
419 2528 553 2606 capreus
582 2530 612 2590 et
634 2526 730 2590 rebus
751 2524 903 2588 bouestr's.
949 2524 1038 2587 Nara
1066 2541 1138 2603 qua
1159 2541 1228 2604 sqq.

184 2633 278 2696 Vetus
302 2634 481 2697 scholiastes
504 2651 555 2698 eos
578 2633 622 2697 sic
645 2636 779 2696 enarrat:
812 2631 965 2712 »Imponit
994 2632 1084 2695 tinem
1109 2631 1229 2712 sapiens

181 2740 274 2804 etiam
297 2741 435 2804 honestis
457 2741 555 2812 rebus,
579 2740 655 2803 adde
678 2739 757 2820 quod
780 2743 811 2803 et
832 2739 981 2821 turpibus.
1026 2738 1089 2802 Alii
1112 2737 1228 2820 dicunt,

180 2848 275 2911 etiam
298 2847 521 2928 philosophiam
543 2849 663 2910 tractat.
700 2845 779 2909 Nam
803 2848 899 2910 doctae
921 2846 1066 2910 mulieres
1089 2846 1227 2926 eloquen-

181 2957 370 3036 tesqnoque
388 2953 523 3036 judicari
545 2953 678 3016 volunt«
725 2952 936 3016 Britannicus:
963 2953 1114 3034 »Imponit
1135 2953 1227 3016 finem

181 3061 320 3141 sapiens:
343 3062 374 3124 id
397 3064 445 3124 est
466 3061 559 3124 etiam
581 3070 690 3142 praeter
707 3060 868 3144 judicium,
891 3061 971 3141 qnod
991 3059 1085 3122 habet
1106 3059 1227 3140 depos-

180 3167 229 3241 tis,
252 3168 390 3250 praecipit
411 3168 536 3233 modum
558 3170 590 3230 et
612 3168 703 3231 finem
728 3168 816 3231 rebus
838 3167 983 3242 honestis,
1008 3166 1038 3229 id
1061 3171 1117 3244 est,
1141 3165 1230 3229 docet

180 3273 247 3355 ipsa
271 3274 400 3355 sapiens,
434 3274 507 3356 quid
530 3275 572 3337 sit
592 3274 771 3354 honestum,
795 3273 867 3357 quid
891 3273 932 3337 sit
953 3273 1038 3346 utile,
1063 3271 1135 3355 quid
1157 3273 1228 3353 pnl-

180 3381 296 3444 chmm.
342 3381 422 3444 Alii:
459 3381 581 3458 mulier,
605 3401 672 3464 quae
695 3382 815 3463 sapiens
837 3381 932 3445 rideri
960 3379 1057 3461 cupit,
1091 3377 1230 3444 instit-uit

71 3550 73 3555 .
181 3489 306 3562 sectam,
329 3491 361 3551 et
382 3488 472 3551 tinem
496 3492 613 3551 certum
636 3487 725 3552 rebus
746 3489 882 3553 honestis
904 3487 1051 3569 assignat,
1074 3488 1227 3568 adquam

182 3596 285 3659 omnia
312 3596 392 3658 diota
425 3598 457 3659 et
489 3595 571 3661 facta
597 3599 754 3676 tamquam
774 3595 812 3658 ad
835 3613 960 3676 scopum
983 3594 1124 3676 dirigat«.
1176 3591 1226 3656 Sic

181 3702 244 3767 fere
266 3703 447 3784 interpretes
475 3706 530 3766 aut
558 3722 594 3765 en
623 3702 794 3766 scholiastae
824 3701 923 3765 verbis
955 3701 1067 3764 »etiam
1093 3699 1227 3781 philoso-

181 3809 285 3892 phiam
308 3812 438 3872 tractat«
464 3810 684 3873 enarrationem
707 3809 873 3873 instituunt
888 3810 921 3871 et
942 3807 1072 3871 feminas
1094 3807 1230 3870 animum

181 3916 297 3981 liberali
329 3916 465 3980 doctrina
493 3916 663 3980 excolentes
696 3917 785 3980 laude
815 3915 983 3979 afficientes
1016 3913 1128 3990 multa,
1162 3931 1231 3995 quae

182 4043 279 4106 neque
303 4042 412 4086 nerum
435 4023 594 4104 explicent,
618 4042 712 4104 neque
735 4025 773 4086 ad
790 4042 855 4086 rem
867 4021 1031 4104 attineant,
1054 4022 1230 4104 loquuntur,

181 4135 235 4195 aut
256 4131 308 4194 alii
330 4130 391 4194 alia
412 4130 462 4194 via
483 4131 549 4194 loco
582 4131 697 4194 mederi
727 4133 883 4194 conantur.
944 4128 1140 4199 Heinriohius
1165 4128 1228 4191 Ru·
