2694 4582
175 288 237 348 164
619 283 660 335 De
682 283 784 350 ellipsi.

171 485 322 566 interjecti
346 484 444 546 mutto
482 485 582 565 aptius
615 504 758 566 responso
792 488 1019 570 postponantur,
1055 490 1086 551 et
1118 506 1221 552 voces:

173 593 222 662 Hc'
249 591 443 672 plerumque
467 591 590 672 predas
612 610 664 654 eos
686 594 798 656 certius
821 594 981 668 definiant,
1016 597 1221 677 transponen-

171 700 225 764 dos
249 719 315 775 esse
338 717 455 762 censeo.

259 806 384 869 Tertius
407 807 490 868 locus
514 807 543 868 in
568 796 662 870 satira
684 809 769 874 serta
789 807 917 889 legitur,
952 827 1011 890 quo
1039 809 1105 872 loco
1124 812 1224 899 poeta

48 968 51 974 .
92 1000 95 1006 Ι
170 914 334 977 mulierem
371 913 596 976 inconstantem
628 903 813 995 meritosque
847 915 957 996 saepius
996 918 1222 1001 permutantem

171 1040 238 1085 av.
263 1023 325 1084 224
348 1020 392 1082 sic
414 1024 644 1084 commemorat:

256 1173 403 1251 Imperat
425 1190 500 1251 erpo
522 1172 603 1248 circ,
628 1171 780 1234 seducor
802 1172 868 1235 trec
890 1193 992 1253 repara
1014 1174 1172 1255 relinquit

257 1279 416 1342 Permutu
395 1281 492 1357 utque
514 1276 677 1341 domoset
664 1279 847 1360 tflamrrcea
870 1285 944 1344 corct
944 1284 1014 1357 erit,
994 1281 1113 1345 tircde

256 1384 439 1448 Adcotute
424 1385 578 1464 ettsprec'
600 1389 701 1474 repeto
676 1386 716 1448 t
737 1390 805 1448 ces
806 1387 877 1467 ipio
900 1386 981 1450 lectr'.

259 1490 366 1555 Orrcut
353 1496 405 1554 tus
421 1491 508 1571 poert
511 1491 540 1554 to
564 1496 623 1555 uret
624 1513 640 1555 e
654 1491 756 1575 force,
773 1493 933 1572 perederet
919 1514 955 1557 ra
978 1493 1099 1575 tc'rrquc‘t

264 1598 341 1663 Veto
364 1598 478 1661 domus
501 1603 531 1662 et
553 1599 659 1662 adhuc
680 1599 802 1663 uirides
823 1601 859 1664 αα
883 1600 994 1664 tc'rrcr'rre
1015 1621 1134 1665 ramos.

172 1771 268 1832 Poeta
290 1769 374 1841 dicit,
397 1788 522 1831 uxorem
544 1769 647 1849 paullo
660 1772 728 1848 post
749 1767 871 1848 nupt-ias
885 1769 1027 1833 maritum
1042 1770 1220 1850 relinquere,

161 1878 275 1939 'domos
298 1880 480 1956 permutare.
504 1875 645 1937 flammea
664 1879 827 1952 conterere,
852 1877 889 1938 ad
911 1877 1042 1957 primum
1067 1875 1220 1953 maritum,

172 1983 224 2064 qui
247 1983 358 2044 iterum
373 1967 496 2066 nuptias
508 1981 660 2044 solemnes
672 2000 741 2044 cum
755 2001 790 2045 ea
807 1982 947 2058 celebret,
971 1984 1088 2056 reverti,
1113 1982 1221 2045 deinde

171 2108 240 2152 mox
264 2106 332 2151 euru
357 2088 469 2151 iterum
492 2087 670 2168 relinquere.
706 2089 822 2150 Alteras
845 2107 912 2150 cum
937 2092 1033 2170 primo
1057 2089 1120 2151 viro
1142 2108 1220 2169 nup-
1300 2154 1303 2159 ⁴

170 2196 232 2268 tiae
259 2214 326 2276 quae
343 2195 458 2258 ornatis
476 2194 601 2271 foribus,
625 2195 756 2275 pendent
742 2195 824 2258 tibus
848 2195 937 2270 velis,
962 2195 1108 2258 viridibus
1127 2195 1220 2259 ramis

171 2305 274 2383 aperte
298 2303 449 2373 notantur
490 2300 610 2363 dubitat
565 2301 712 2364 tationem
735 2321 795 2364 non
818 2320 938 2382 parurm
963 2305 1100 2374 movent
1135 2301 1221 2364 ethi

170 2427 274 2472 versus
298 2427 382 2471 cum
390 2407 489 2470 verbis
511 2407 663 2486 seducor
686 2415 786 2483 (voces
807 2407 921 2490 purello
940 2411 1017 2470 arcte
1039 2408 1220 2471 vocabulum

168 2536 243 2579 mor
266 2513 426 2590 definiunt)
456 2513 522 2576 trec
543 2535 647 2595 reprcc
668 2514 826 2594 relinquit
856 2517 919 2577 tam
942 2517 1025 2577 arcte
1055 2515 1219 2589 cohaermt,

168 2622 274 2686 utrix
297 2621 429 2684 dubitari
451 2622 566 2702 possit,
590 2622 662 2702 quin
685 2641 789 2684 versus
812 2624 982 2686 eat-225
1005 2619 1125 2701 (quiin
1149 2637 1219 2683 uon·

168 2729 262 2793 nullis
285 2729 437 2792 codicibus
460 2729 584 2797 desunt.
619 2729 813 2809 quamobrem
837 2728 874 2790 de
896 2727 998 2807 positu
1021 2745 1128 2789 eorum
1148 2726 1218 2808 jure

170 2835 285 2916 ambigi
319 2839 432 2916 potest)
466 2837 537 2915 post
570 2854 690 2898 versum
724 2838 787 2900 228
821 2834 1039 2917 transponendi
1075 2834 1151 2910 siut,
1186 2835 1219 2896 et

169 2945 257 3024 poeta
279 2944 323 3006 sic
346 2941 519 3026 scripserit:

195 3074 199 3080 ’
254 3094 401 3174 Imperat
424 3114 498 3175 erpo
521 3093 591 3155 ciro
615 3091 672 3154 sed
692 3110 767 3153 rnosc
789 3091 855 3154 trec
876 3113 979 3173 repca
1000 3091 1166 3174 relinquit,

257 3199 403 3263 Orrrotes
418 3199 536 3280 peretto
560 3201 637 3261 arcte
651 3197 753 3281 sorec,
769 3198 951 3278 pendentia
973 3198 1095 3280 tircqccc't

260 3307 338 3370 Veto
361 3308 474 3371 domus
497 3309 527 3369 et
548 3304 656 3368 adhuc
676 3305 798 3368 atrides
820 3307 856 3368 r'rr
879 3304 990 3369 tc'rrrc'rce
1012 3326 1131 3384 remeo,
1228 3343 1232 3355 ·

254 3413 425 3476 Permutat
377 3418 487 3494 tutque
509 3412 671 3475 domos
642 3433 657 3476 e
659 3413 842 3494 tflorrcrrceu
864 3413 1008 3486 conterit,
1034 3413 1111 3476 trade

253 3520 435 3584 Adcotute
419 3520 573 3638 espreti
595 3520 711 3599 repetit
732 3539 785 3583 res
787 3521 870 3601 tc'pc‘a
893 3518 976 3583 tecti.

169 3709 229 3772 qua
251 3708 393 3752 versuum
423 3689 485 3752 dist
487 3687 637 3751 ributione
666 3689 778 3752 substit
765 3693 833 3753 tuta
866 3709 939 3752 uror
968 3690 1064 3752 semel
1091 3691 1214 3753 domum

169 3797 224 3860 viri
244 3795 415 3876 relinquere
438 3800 527 3875 atque
550 3797 620 3875 post
641 3795 738 3858 varies
761 3795 883 3875 nuptias
906 3797 1039 3876 primum
1061 3796 1215 3859 matrimo-

169 3903 254 3966 nium
275 3905 411 3982 repetere
424 3901 542 3974 dicitur,
568 3903 598 3962 et
622 3900 747 3964 molesta
773 3902 936 3965 alterarum
959 3923 1026 3966 cum
1041 3904 1138 3984 primo
1152 3903 1216 3967 viro

169 4009 342 4090 nuptiarum
351 4007 461 4071 celebri
469 4008 547 4071 festo
556 4009 945 4072 actarumcommemoratio
957 4010 1083 4073 tollitur.
1108 4009 1214 4073 Oratio

170 4115 311 4190 decurrit,
321 4117 353 4178 et
363 4116 508 4197 junctura
519 4132 660 4178 versuum
668 4114 696 4176 ei
700 4115 861 4195 juncturae,
868 4134 934 4196 qua
946 4116 1025 4197 apud
1031 4117 1053 4181 J
1055 4109 1214 4181 uvenaIem
