2686 4596
210 284 229 348 8
599 279 742 331 Demetri
761 279 879 332 ratione.

209 485 309 567 quarti
332 504 438 550 versus
459 485 545 566 pedis
568 484 682 549 centies
705 483 851 566 nonagies
866 483 912 547 bis
935 486 1081 548 caesuram
1102 484 1188 547 illam
1211 504 1261 549 se-

210 593 321 675 quitur,
345 596 377 657 et
389 611 457 657 eam
468 592 641 674 praevalere,
663 591 734 655 inde
750 591 825 656 satis
841 594 975 672 apparet,
998 593 1086 673 quod,
1110 593 1160 655 ubi
1174 593 1260 657 nulla

209 719 326 766 caesura
337 726 363 761 κ.
371 725 395 760 τ.
403 725 428 764 τ.
441 699 603 776 antecedit,
626 699 687 762 uon
709 700 796 762 modo
817 699 957 779 frequens
976 700 1055 781 apud
1078 700 1262 766 Juvenalem

210 813 257 874 est
280 813 312 872 et
334 809 449 872 centies
479 807 623 871 undecies
657 807 804 883 adhibita,
838 807 891 870 sed
923 806 955 870 in
988 807 1111 872 vocibus
1140 827 1260 891 quoquc

78 990 87 1003 ‚
207 916 362 981 nonnullis
384 915 559 998 dissyllabis
583 913 682 977 altera
704 913 831 995 syllaba,
867 932 933 995 quae
968 915 1048 996 apud
1074 915 1261 981 Juvenalem

117 1068 124 1088 .
208 1024 296 1096 modo
317 1024 349 1086 in
372 1041 488 1087 caesura
509 1026 601 1104 atque
624 1020 763 1085 allerias
786 1020 836 1084 vel
857 1020 967 1084 ultimi
988 1023 1072 1104 pedis
1095 1023 1155 1086 arsi
1166 1022 1261 1106 longa

207 1133 263 1209 est,
281 1132 338 1195 hac
359 1131 392 1194 in
415 1132 486 1195 sede
506 1130 690 1213 producitur.
722 1127 879 1209 Sicvoces,
903 1149 969 1212 quae
994 1132 1066 1194 sunt
1086 1129 1175 1207 milri,
1188 1131 1259 1210 libi,

205 1239 278 1317 eibi,
301 1258 432 1322 quarum
446 1239 542 1302 altera
559 1237 674 1320 syllaba
697 1237 796 1300 brevis
820 1240 884 1300 est:
907 1238 986 1311 vla
1000 1236 1147 1301 Pellibus
1168 1237 1262 1301 laad

205 1346 326 1411 similis
342 1347 411 1423 libi,
437 1344 588 1426 Cyatbia,
612 1364 669 1408 aec
682 1345 749 1420 libi,
763 1345 865 1421 caius,
886 1363 1037 1426 nusquam
1049 1345 1108 1408 nisi
1123 1346 1170 1410 his
1182 1345 1260 1410 loeis

205 1456 251 1519 ita
262 1458 424 1538 ponuntur,
448 1455 484 1516 ut
505 1454 601 1516 altera
624 1452 744 1535 syllaba
765 1454 965 1534 producatur:
999 1444 1002 1449 ’

272 1597 395 1674 Harae
423 1593 594 1676 Ucaleyoa,
619 1593 769 1657 labalata
792 1594 852 1657 tibi
867 1594 942 1675 jara
965 1594 1062 1656 lertio
1081 1592 1221 1674 faciant.

275 1705 328 1780 IX,
353 1706 394 1768 93
417 1701 500 1766 Haec
521 1701 585 1765 coli
607 1703 779 1766 commissa
802 1702 862 1765 libi
884 1700 988 1765 celare
1009 1706 1173 1765 memerato.

290 1811 392 1887 V,128
422 1809 517 1874 Virro
542 1809 602 1882 libi
622 1811 785 1890 sumitque
808 1811 875 1872 tais
894 1813 1043 1874 contacta
1066 1809 1176 1874 labelli

276 1918 393 1994 Ivarr
418 1917 509 1999 Eryo
524 1917 589 1981 sibi
601 1917 691 1981 dabit
702 1919 773 1998 ipse
783 1918 905 1996 rudera,
919 1920 950 1981 si
961 1923 1077 1982 austra
1088 1918 1260 1982 movebant

293 2027 394 2102 X,201
425 2024 533 2106 Usque
555 2025 634 2089 adeo
656 2027 772 2107 yraeic
794 2027 893 2090 arari
914 2027 1067 2106 actisque
1088 2027 1214 2107 cibique

257 2134 324 2210 XV,
347 2136 388 2198 98
410 2132 604 2214 Exemplum
616 2153 684 2198 esse
696 2134 767 2211 cibi,
777 2136 862 2199 sicat
873 2134 965 2198 ruodo
978 2134 1065 2198 dicta
1077 2135 1157 2198 milri
1166 2155 1257 2216 year.

204 2278 236 2339 et
258 2275 376 2339 duobus
398 2274 474 2340 locis
496 2276 593 2339 altera
615 2274 720 2338 formae
743 2273 913 2351 insolentis,
937 2295 1005 2357 quae
1023 2280 1070 2340 est
1080 2277 1180 2356 peril,
1197 2276 1257 2358 syl-

202 2382 271 2447 laba
293 2385 363 2464 post
386 2401 531 2446 caesuram
553 2407 579 2441 κ.
592 2407 616 2442 τ.
630 2407 654 2442 τ.
667 2383 699 2445 in
718 2383 779 2446 arsi
796 2383 896 2465 quarti
913 2384 999 2464 pedis
1012 2385 1142 2464 (caesura
1159 2384 1257 2466 heph-

201 2489 390 2572 tbemimeri)
414 2489 511 2571 posita
534 2490 705 2554 invenitur:

277 2620 396 2697 vLaaa
418 2609 607 2712 l'a'ayreryias
618 2604 773 2700 Rdmaad
787 2589 888 2702 deerit,
912 2614 987 2684 liae
994 2592 1097 2704 flacii
1112 2598 1158 2685 ad
1171 2611 1255 2686 istos

290 2729 393 2805 X,ll8
416 2715 561 2809 Eldqiaid
583 2704 641 2792 sid
661 2724 796 2810 dleiqde
809 2720 911 2809 iperii
932 2732 1053 2808 orator,
1081 2732 1256 2810 aliamque

203 2833 256 2899 cfr.
269 2835 392 2913 lirare
414 2835 588 2917 Maieslac,
613 2836 805 2925 laudemque
826 2836 910 2898 redit
928 2836 974 2898 ad
984 2835 1119 2916 pulpita
1141 2841 1255 2902 aelam

137 2970 141 2979 ’
229 3011 230 3014 ,
274 2944 391 3020 Vacca
414 2942 481 3007 Sed
501 2945 558 3032 qai
572 2963 670 3024 pieac
685 2938 785 3025 perii,
809 2944 861 3007 cai
877 2944 933 3006 eia
950 2945 987 3007 ia
1003 2942 1148 3026 Cyclada
1166 2947 1255 3009 arilli

240 3139 247 3170 x
274 3051 392 3132 Vrsae
415 3050 566 3134 Mayaas
588 3053 668 3115 ciuis
691 3053 757 3116 obii
780 3056 809 3116 et
823 3050 1029 3134 formidatae
1055 3050 1174 3116 Olloai

203 3222 271 3284 quae
294 3206 474 3286 argumenta
496 3221 531 3266 eo
553 3204 693 3285 graviora
715 3204 853 3268 habenda
876 3208 956 3279 sunt,
991 3205 1060 3286 quia
1082 3206 1252 3286 luvenalis,

201 3311 327 3385 uocibus
349 3310 439 3391 milri,
463 3311 531 3385 libi,
563 3311 629 3375 sibi
651 3313 794 3394 exceptis
830 3331 980 3394 nusquam
1001 3313 1061 3376 nisi
1084 3314 1115 3376 in
1138 3333 1253 3378 caesura

201 3417 249 3482 his
271 3417 361 3482 loeis:
418 3448 420 3453 ·

288 3560 325 3634 X,
353 3563 388 3624 ll
418 3530 567 3645 Confisds
584 3562 689 3641 periit
711 3560 980 3642 admirandisque
1003 3560 1135 3625 lacertis

287 3668 387 3743 xlae
418 3666 604 3751 Velifiealas
616 3669 720 3732 Atlas
738 3672 768 3733 el
786 3668 947 3749 quidquid
962 3669 1091 3734 Graecia
1113 3669 1253 3733 oreadas

289 3775 327 3851 X,
350 3778 392 3840 54
413 3773 504 3856 Eryo
528 3795 731 3856 superuacua
754 3781 813 3840 aad
828 3777 1020 3857 peruiciosa
1036 3782 1198 3857 peteretur

236 3882 391 3963 villaco
413 3882 496 3946 Iade
517 3881 693 3948 Dolabella
716 3889 813 3966 alque
835 3883 911 3947 liae
933 3885 1099 3948 Aniculae
1121 3887 1197 3949 iude

200 4038 240 4112 et,
264 4035 342 4116 quod
366 4054 431 4099 mox
455 4037 635 4114 videbimus,
659 4041 706 4100 ter
720 4037 753 4099 in
770 4037 968 4102 arsialterius
991 4039 1075 4121 pedis
1100 4040 1250 4120 syllabam

200 4142 325 4207 brevem
346 4143 496 4225 produxit.
