2686 4596
423 287 465 340 De
484 287 620 340 liberiore
640 287 788 341 verborum
806 289 912 354 positu.
1148 294 1190 357 25

139 489 419 573 mediusquebelli,
442 490 696 566 Ill,t‚29Ludo
711 490 956 574 fattpatumqae
978 494 1115 565 somam,
1139 493 1193 556 sod

140 598 301 683 Juvenalis
322 597 462 679 regulam
483 617 570 662 suam
594 617 721 680 sequens
747 598 888 678 Templis
904 604 1056 663 maturus
1078 605 1109 663 et
1126 620 1195 664 ara

148 922 150 926 Ι
177 855 185 883 ¹
210 853 279 906 Haec
297 852 409 905 Horatii
428 853 518 907 forma
537 856 598 920 (cfr.
618 854 695 906 Ovid.
706 853 787 906 Fast.
799 854 835 918 II,
846 857 896 907 315
920 856 1017 920 Toplis
1036 856 1195 921 laqueataque

208 939 310 1004 pumice)
329 951 359 989 re
378 953 445 990 vera
463 937 561 992 eadem
580 944 728 1004 astatque
750 937 872 1005 Virgilii:
901 939 1043 990 Studiorum
1062 950 1134 1005 atque
1151 942 1194 990 im-

211 1040 297 1074 memor
314 1024 391 1073 larba
400 1046 432 1070 =
442 1026 513 1075 Ludo
530 1035 552 1075 ct
562 1025 696 1089 satipatum
715 1041 802 1076 samua.
830 1024 975 1076 Particula
993 1043 1046 1089 que,
1066 1025 1114 1076 ubi
1133 1026 1196 1077 voci

171 1136 174 1142 ·
211 1122 378 1181 praegressae
397 1123 495 1162 vocem
514 1109 650 1176 adjungit,
670 1109 710 1160 ita
720 1108 865 1175 transponi
877 1108 990 1173 dicitur,
1010 1114 1041 1160 ut
1057 1108 1195 1162 vocabulo

150 1194 152 1197 ’
212 1191 359 1256 utriusque
387 1193 465 1245 vocis
500 1193 638 1245 communi
666 1199 694 1244 et
722 1191 812 1244 medio
841 1192 1009 1269 interposito
1038 1191 1196 1259 suffigatur,

214 1275 294 1328 cuius
313 1276 545 1344 transpositionis
557 1275 632 1342 apud
642 1275 790 1328 Horatium
810 1276 932 1341 quinque
953 1282 1067 1328 exstant
1084 1280 1197 1328 formae:

169 1381 171 1385 ¹
203 1359 292 1410 Pedes
309 1362 428 1426 tetiqitque
445 1379 518 1410 amara
536 1360 610 1427 (Oti,
629 1363 666 1428 Il,
692 1364 731 1418 19,
752 1362 805 1426 32),
824 1362 930 1411 Damaio
953 1362 1059 1424 aerisque
1078 1361 1197 1410 doloribus

213 1443 319 1510 (Epist.
330 1445 353 1511 Ι,
366 1448 406 1505 15,
418 1447 471 1512 av),
487 1445 889 1511 Paatsmaaaaamamou.11,
902 1448 942 1512 re,
953 1448 1008 1510 aa),
1028 1445 1058 1494 ra
1077 1430 1198 1510 uuluae

213 1546 308 1594 aevoque
325 1531 389 1595 aptis
406 1531 452 1595 (A.
473 1531 504 1583 P.
526 1532 595 1597 178),
614 1531 700 1596 Inopia
718 1530 822 1594 quodque
835 1531 923 1594 pratilli
935 1531 1010 1581 animi
1021 1529 1060 1594 (S.
1076 1529 1096 1594 Ι,
1108 1533 1133 1593 4,
1145 1530 1198 1594 17).

213 1612 358 1666 Particula
368 1615 455 1680 igitur
470 1615 504 1668 ab
516 1614 604 1668 altero
616 1615 738 1668 membro
752 1614 862 1667 divulsa
880 1615 942 1666 voci
961 1615 1119 1681 interjectae
1141 1615 1197 1668 suf·

215 1698 263 1766 figi
284 1699 396 1765 dicitnr,
421 1700 495 1765 quod
515 1699 651 1764 loquendi
671 1712 757 1765 genus
778 1699 820 1751 sic
840 1713 951 1764 qnoque
972 1699 1139 1766 explicatur,
1168 1706 1199 1752 ut

210 1800 269 1848 ,vox
286 1784 347 1850 illa,
368 1785 413 1837 cui
431 1784 572 1852 particula
590 1784 749 1850 suffigatur,
771 1784 858 1837 semel
877 1783 972 1850 posita
990 1783 1034 1836 bia
1055 1783 1198 1836 audiatur:

215 1869 294 1919 Pedes
312 1869 432 1935 tetiyitquc
450 1888 522 1920 crura
540 1891 572 1915 =
588 1869 664 1934 pedes
683 1870 762 1933 tetipit
781 1870 900 1934 tetipitque
917 1885 999 1933 crura,
1027 1867 1098 1920 unde
1119 1868 1199 1935 origo

215 1953 299 2005 huius
319 1953 433 2006 dicendi
451 1955 563 2020 generis
583 1954 642 2020 peti
671 1969 725 2005 non
754 1953 839 2006 debet
867 1954 915 2005 ct'r.
934 1953 1014 2018 Virg.
1033 1953 1103 2004 Aen.
1124 1952 1200 2017 VIII,

216 2025 266 2090 649
292 2039 436 2104 Indiyaaati
460 2038 558 2088 similem
587 2039 733 2101 similemque
759 2039 866 2104 minanti,
894 2037 962 2089 Hor.
984 2036 1046 2089 Sal.
1065 2037 1086 2103 I,
1106 2041 1131 2103 7,
1159 2039 1201 2102 23,

217 2122 318 2172 Laudat
334 2123 437 2174 Brutum
456 2123 586 2186 laudatque
603 2123 727 2185 cohortem,
747 2122 808 2174 Juv.
818 2123 868 2185 ΙΙΙ,
891 2123 939 2173 158
957 2122 1093 2185 Plautiapi
1102 2125 1202 2187 juvenes

211 2208 357 2271 juvenesque
384 2208 483 2258 lanata.
526 2208 621 2260 Poetae
642 2214 718 2259 certe
743 2221 839 2259 vocem
858 2205 980 2270 aliquam
1000 2205 1042 2256 ita
1060 2198 1201 2258 Interdum

218 2298 335 2358 ponunt,
363 2296 394 2342 ut
421 2292 509 2344 semel
536 2292 634 2357 posita
660 2292 704 2343 bis
732 2291 872 2356 audiatur,
901 2289 952 2342 sed
976 2288 1061 2356 longe
1081 2290 1202 2343 aliaest

218 2375 318 2428 talium
344 2376 471 2428 locorum
495 2377 568 2428 ratio
598 2379 646 2428 cfr.
666 2376 733 2428 Hor.
758 2375 851 2440 Epist.
873 2375 895 2440 I,
915 2377 939 2439 7,
957 2376 990 2426 43
1009 2375 1097 2425 Atride
1124 2375 1202 2440 mauis

217 2470 277 2524 apta
294 2458 336 2510 tibi
353 2469 395 2511 tua
412 2461 476 2511 dona
494 2461 635 2526 relinquam.
684 2461 760 2511 Pedes
781 2460 899 2524 tetipitque
923 2477 996 2509 crura
1023 2460 1083 2512 fere
1104 2450 1201 2512 cariem

220 2550 264 2596 est
281 2544 415 2608 loquendi
435 2546 533 2611 forma,
550 2540 634 2610 atque
655 2545 679 2597 si
698 2551 785 2610 poeta
799 2543 872 2607 pedes
891 2553 913 2593 et
930 2545 1006 2607 taliata
1023 2562 1097 2594 crura
1116 2544 1201 2597 dixis·

220 2634 272 2694 set,
291 2629 473 2681 hortantum
492 2630 526 2682 ab
547 2644 581 2681 ea
600 2630 705 2694 differt,
734 2628 809 2693 quod
828 2627 952 2680 membra
977 2627 1088 2680 divulsa
1112 2629 1202 2682 artius

217 2712 319 2778 jungit.
356 2713 403 2765 Sia
423 2714 508 2766 etiam
532 2716 637 2765 Damuis
656 2716 764 2777 narisque
784 2713 905 2763 doloribus
924 2726 959 2764 ex
979 2710 1118 2778 adjectivo
1138 2727 1203 2779 par·

222 2796 319 2848 ticulae
349 2798 518 2864 copulativae
545 2798 709 2866 postposito
728 2798 773 2850 vel
793 2797 874 2849 alteri
894 2795 1019 2850 membro
1038 2796 1135 2861 potius
1156 2797 1202 2847 ad-

215 2881 316 2949 juncto
336 2889 428 2934 ortum
447 2889 499 2949 est,
518 2884 602 2949 Iaopts
621 2884 729 2948 quodque
744 2882 832 2948 pusilli
852 2882 928 2931 animi
945 2894 979 2931 ex
997 2881 1083 2946 Inopia
1101 2890 1124 2930 et
1142 2881 1205 2945 quod

217 2967 305 3032 pusilli
335 2970 412 3018 animi
437 2969 676 3035 (conpunctionem
710 2974 777 3034 post
809 2964 978 3032 partIculam
1013 2965 1203 3031 copulativam

221 3057 285 3103 ante
305 3050 425 3105 alterum
444 3053 597 3106 membrum
618 3053 760 3118 interponi
784 3064 870 3117 posse
893 3049 985 3113 locus,
1014 3049 1060 3113 qui
1088 3049 1117 3100 in
1135 3049 1202 3113 Hor.
1270 3060 1272 3064 “

222 3135 280 3188 Sat.
298 3135 321 3199 I,
341 3138 366 3202 9,
384 3139 415 3189 51
435 3137 554 3203 legitur:
592 3137 638 3188 Nil
659 3155 694 3186 me
716 3138 792 3202 officit
813 3152 925 3200 uuquam,
950 3133 1035 3183 Ditior
1053 3133 1092 3183 bic
1109 3144 1151 3184 aut
1169 3143 1205 3184 cst

220 3216 390 3285 autefertur,
410 3222 481 3274 satis
501 3223 604 3288 docet),
633 3228 662 3273 et
689 3222 731 3273 sio
758 3225 860 3273 ceterae
888 3217 985 3270 formae
1005 3219 1066 3270 voci
1086 3217 1204 3272 duorum

220 3303 414 3357 membrorum.
437 3307 574 3358 communi
601 3312 686 3370 atque
706 3305 789 3357 alteri
809 3303 978 3370 antepositae
999 3301 1135 3368 originem
1156 3302 1203 3356 ‹le-

220 3389 297 3442 bent.
326 3388 398 3454 Quia
417 3396 512 3443 autem
530 3397 625 3456 poetae
645 3391 724 3455 prius
742 3388 878 3454 loquendi
898 3402 987 3455 genus
1007 3387 1203 3454 praetulerunt,
1254 3386 1258 3393 '

220 3473 387 3526 vocabulum
406 3475 554 3539 utriusque
573 3476 692 3528 membri
712 3487 855 3527 commune
872 3472 946 3524 inter
958 3471 1114 3539 particulas
1125 3481 1205 3538 atqua,

222 3568 244 3608 ee
262 3563 291 3610 et
308 3558 428 3611 alterum
446 3560 599 3612 membrum
617 3561 709 3612 rarius
730 3559 854 3625 positum
880 3557 1031 3619 invenitur,
1060 3555 1110 3608 sed
1139 3555 1206 3621 quia

220 3657 274 3695 vox
292 3643 439 3708 utriusque
464 3644 581 3697 membri
610 3643 775 3708 communis,
807 3642 831 3694 si
858 3640 1008 3709 particulae
1034 3639 1203 3706 copulativae

220 3727 412 3796 postponitur,
432 3729 468 3794 ei,
489 3728 722 3794 quemadmodum
743 3728 900 3793 docuimus,
921 3725 1051 3792 proxime
1071 3723 1204 3791 subjungi

222 3813 305 3878 solet,
323 3813 388 3866 hino
408 3814 448 3878 tit,
467 3821 499 3865 ut
519 3813 569 3866 illa
584 3829 646 3879 vox,
666 3817 710 3866 cui
729 3811 872 3879 particula
890 3827 933 3875 qua
952 3809 1111 3873 suffigatur,
1130 3808 1205 3860 inter

220 3902 369 3962 utrumque
390 3898 541 3950 membrum
567 3897 632 3949 data
660 3912 749 3962 opera
776 3896 946 3962 interposita
974 3907 1038 3945 esse
1068 3892 1205 3944 videatur.

222 3979 377 4048 Iuvenalis,
406 3982 452 4047 qui
471 3981 522 4034 tali
542 3981 681 4050 adjectivo
702 4001 746 4046 qua
763 3997 826 4034 raro
853 3978 961 4044 suffigit
979 3975 1039 4042 (VI,
1058 3977 1118 4041 268,
1145 3974 1206 4041 Vll,

221 4067 263 4130 80,
282 4068 343 4132 215)
362 4073 446 4132 atque
466 4066 585 4131 reliquis
610 4065 722 4118 Horatii
749 4064 846 4117 formis
874 4061 986 4117 omnino
1015 4060 1148 4125 abstinet,
1178 4063 1207 4110 et

223 4150 392 4216 adjectivum
412 4157 442 4205 et
456 4150 570 4203 verbum
590 4157 621 4203 et
639 4151 797 4216 genetivum
816 4154 882 4215 post
900 4144 1070 4213 particulam
1091 4141 1205 4208 copula·
1276 4166 1280 4172 ·
