2694 4582
331 347 335 353 -
379 313 421 367 De
441 313 576 367 liberiore
594 313 743 369 verborum
761 315 866 383 positu.
1103 320 1145 388 49

98 518 231 599 positum
264 518 417 583 invenitur
450 519 549 595 (Lar,
582 518 681 596 1167,
714 519 783 595 VII,
799 523 867 597 176,
901 520 988 596 VIII,
1000 521 1064 599 92).
1113 521 1145 586 Is

99 627 202 689 autem
236 625 370 707 positus,
408 626 460 708 qui
492 626 524 690 in
557 626 640 690 brevi
673 627 824 691 sententia
857 628 1034 693 secundaria
1067 630 1147 710 apud

97 731 260 797 Horatium
282 751 348 798 raro
370 734 531 810 invenitur,
555 733 635 816 quod
658 751 820 815 pronomen
842 735 1004 799 relativum
1026 737 1075 800 vel
1096 735 1145 799 in-

97 841 314 923 terrogativum
338 841 396 904 non
420 841 520 905 solum
541 841 631 904 verbo
654 841 854 923 postponitur,
883 843 1051 907 sedetiam
1075 861 1145 907 sen·

94 948 222 1012 tantiam
246 949 396 1029 olauditll,
419 950 499 1030 apud
516 949 698 1014 Juvenalem
721 968 870 1031 nusquam
892 949 1050 1032 reperitur,
1073 970 1144 1014 nam

95 1057 277 1137 exemplum,
311 1058 390 1139 quod
420 1056 453 1120 in
487 1058 543 1120 sat.
574 1057 648 1120 XVI
671 1077 698 1121 v.
721 1060 763 1123 29
785 1057 880 1122 inest:
924 1057 1057 1122 Audeat
1088 1057 1145 1122 ille

95 1164 213 1228 Nescio
230 1166 312 1248 pais,
328 1184 462 1247 paphos
472 1164 556 1228 vidit
571 1166 635 1247 poi,
652 1165 764 1243 dicere,
777 1166 814 1229 ad
826 1166 986 1231 Jn‘venalis
1000 1166 1143 1248 loquendi

95 1292 185 1336 usum
209 1273 454 1336 constituendum
482 1273 559 1337 nihil
592 1273 747 1356 oensem).
792 1274 829 1336 In
855 1273 1019 1355 'particulis
1052 1276 1143 1357 atque
1205 1349 1212 1354 ,

93 1380 365 1462 oorrjunetionibus
399 1399 467 1462 qnae
495 1380 525 1443 in
554 1400 643 1462 prosa
665 1380 800 1445 oratione
822 1381 953 1462 primam
974 1381 1143 1455 sententiae,

93 1506 187 1570 qnam
208 1486 364 1564 inducunt,
388 1489 491 1552 sedem
513 1490 615 1551 tenere
639 1487 747 1565 solent,
780 1488 818 1552 ab
840 1487 928 1552 initio
950 1489 1141 1553 retrahendis

59 1607 61 1610 ’
95 1599 127 1659 61
147 1594 202 1659 uni
222 1595 271 1659 vel
292 1595 429 1676 pluribus
451 1595 575 1659 voeibus
604 1596 818 1678 postponendis
839 1595 1009 1674 Juvenalis‚
1033 1615 1141 1680 quam-

92 1722 187 1785 quam
220 1703 352 1784 priorum
375 1707 534 1785 poetarum
556 1703 698 1768 libertate
719 1704 874 1768 interdum
897 1703 1002 1783 utitur,
1036 1706 1151 1790 tamen

92 1811 251 1893 uulgarem
274 1811 422 1893 pedestris
445 1811 590 1876 orationis
612 1811 744 1894 positum
761 1812 806 1875 ita
827 1810 982 1893 amplexus
998 1830 1065 1876 osse
1081 1812 1141 1876 diei

90 1922 203 2002 potest,
226 1927 385 1983 uteorum
409 1920 551 1983 retractio
574 1937 610 1982 ex
632 1919 767 1983 metricis
790 1918 959 1983 rationibus
977 1919 1140 1983 maximam

92 2029 210 2109 partem
240 2027 375 2108 profecta
398 2045 463 2090 esse
494 2027 639 2090 videatur.
685 2027 817 2109 Objioiat
850 2026 970 2108 aliquis
1004 2028 1141 2109 exempla

92 2137 217 2208 exstare,
238 2153 304 2215 quae
317 2138 435 2216 poetam
449 2154 509 2198 non
528 2136 630 2199 minus
646 2136 801 2209 violenter,
820 2153 911 2216 qnam
929 2134 1005 2216 apud
1024 2133 1137 2216 priores

91 2242 165 2306 fieri,
181 2239 306 2306 solitum
329 2243 377 2323 sit
407 2243 462 2306 has
492 2262 581 2307 voees
611 2245 764 2307 retrahere
792 2243 927 2317 dooeant
962 2261 1059 2324 neque
1082 2244 1140 2307 hoo

92 2351 197 2432 negari
217 2354 326 2432 potest,
351 2370 419 2413 narn
445 2369 494 2414 eas
517 2369 576 2414 non
599 2352 699 2415 solum
721 2351 858 2432 pluribus
876 2351 1037 2414 sententiae
1053 2371 1142 2416 voca-

92 2459 172 2523 bulis
184 2459 237 2522 sed
249 2460 339 2522 verbo
351 2477 469 2540 qnoque
480 2459 634 2522 interdum
645 2458 799 2540 postponit
810 2458 858 2522 vel
869 2459 1038 2539 penultima
1049 2460 1141 2523 etiarn

92 2567 252 2632 sententiae
264 2568 334 2630 sede
346 2566 483 2639 oollooat
506 2585 612 2629 verum
629 2568 717 2630 modo
733 2566 905 2647 particulas,
929 2586 996 2648 quae
1016 2570 1087 2630 sunt
1101 2571 1141 2645 si,

90 2695 199 2759 polam,
223 2675 454 2757 paampaom3),
479 2674 522 2738 sie
544 2675 637 2756 ponit,
662 2678 693 2738 et
711 2672 877 2756 partioulae,
898 2693 965 2755 quae
978 2675 1141 2756 simplicis·

113 3009 134 3071 ¹)
159 3006 226 3058 Hor.
249 3005 307 3058 Sat.
330 3005 353 3065 Ι,
373 3009 399 3070 4,
418 3005 448 3059 81
476 3004 534 3053 Vixi
550 3021 600 3053 611111
618 3004 715 3067 quibam
734 3003 791 3054 Sat.
810 3001 831 3066 l,
851 3005 876 3065 2,
898 3004 944 3056 111
964 3001 1057 3066 Nonne,
1076 3003 1139 3066 cupi-

160 3094 228 3141 m'bas
245 3100 336 3140 statuat
354 3100 442 3140 natura
459 3089 549 3138 rhodum
568 3106 644 3153 quem.
1055 3157 1057 3163 y

114 3177 133 3237 ²l
160 3176 221 3228 Hoc
250 3175 313 3228 loeo
349 3182 378 3228 et
408 3174 538 3242 pluribus
570 3173 653 3226 huius
682 3171 880 3239 disputationis
908 3171 979 3224 locis
1012 3170 1140 3238 exempla

158 3260 352 3313 insolentioris
380 3258 514 3325 loquendi
541 3273 609 3310 usus
638 3272 681 3320 ‚ex
708 3257 762 3308 hac
790 3256 877 3309 satira
905 3261 1017 3323 sumpta
1044 3271 1078 3307 ea
1105 3255 1139 3307 de

162 3361 264 3400 caussa
282 3345 405 3412 profero,
425 3350 456 3396 ut
475 3341 648 3410 comparatio
668 3341 807 3393 intereas
827 3340 1018 3404 enormitates,
1039 3339 1139 3405 quihus

158 3430 303 3483 iuvenalis
318 3429 478 3493 indulserit,
491 3434 519 3479 et
529 3441 587 3493 eas,
605 3426 706 3493 quibus
724 3426 809 3494 pauci
826 3425 909 3478 huius
929 3425 1023 3478 satirae
1042 3439 1139 3476 versus

160 3515 314 3578 abundent,
335 3514 443 3567 institui
460 3513 562 3591 possit.
921 3509 925 3518 '

112 3599 134 3664 3)
158 3599 205 3666 XI,
217 3601 265 3655 191
284 3600 378 3650 Praeda
393 3598 543 3648 *caballorum
563 3607 654 3662 praetor
675 3594 739 3646 sedet
756 3613 795 3659 aa,
814 3595 873 3646 mili
887 3613 948 3660 pace
965 3595 1086 3645 Iormensoe
1103 3597 1139 3644 ai·

159 3687 255 3750 11ιὶ66116
273 3686 327 3736 licet
343 3685 367 3734 si
383 3683 459 3733 dicere
475 3682 559 3748 plebis.
639 3682 718 3748 oapit3
737 3681 896 3748 lll,731pse
914 3680 1003 3730 dierum
1016 3681 1139 3729 Fastorum

159 3771 255 3821 herboso
281 3770 367 3820 colitur
391 3770 415 3818 si
441 3767 535 3833 quando
558 3767 650 3816 theatro
673 3766 807 3830 Maiestam
837 3763 883 3830 VI,
895 3766 943 3820 577
972 3764 1015 3814 Ad
1037 3764 1139 3829 primam

159 3855 261 3920 lapidem
287 3855 379 3904 vectari
404 3870 473 3918 quaem
497 3851 586 3916 placet.
621 3851 659 3905 Ut
686 3850 816 3917 exempla
843 3848 956 3915 docentq
979 3847 1139 3913 subjeetum

158 3939 305 4006 particulae
324 3938 458 4006 postponi
486 3935 560 3989 solet
587 3935 631 3987 vel
650 3935 677 3986 in
696 3933 792 3999 verbo,
813 3948 830 3984 a
849 3932 1064 3999 quo-particula
1082 3947 1138 3983 non

161 4024 313 4091 divellitur,
333 4024 412 4089 latet,
437 4020 619 4088 quamobrem
638 4026 691 4073 sat.
712 4018 750 4070 VI
764 4035 789 4071 v.
808 4018 858 4073 198
876 4018 955 4068 Dicas
974 4018 1023 4066 haec
1045 4016 1138 4066 mollius

157 4109 241 4159 Haemo
263 4108 412 4173 Quamquam
431 4109 462 4157 et'
476 4105 641 4171 Carpophoro,
652 4106 737 4170 socies
755 4113 797 4152 tua
815 4110 933 4168 consputat
954 4119 1028 4151 aanor
1046 4099 1137 4152 rarius

158 4193 318 4260 exemplum
338 4193 455 4260 praebet.

916 4273 932 4322 4
