2694 4582
172 255 235 320 120
607 252 649 304 oe
669 252 775 320 erupti.

173 457 302 522 Nullum
330 458 410 520 certe
440 455 559 518 dicendi
590 456 716 520 verbum
746 457 893 520 omissum
923 461 987 538 est,
1022 461 1053 521 et
1084 460 1110 522 si
1133 462 1226 539 poeta

170 567 326 640 lectorem,
350 582 408 626 non
422 562 620 644 cogitationes
644 565 695 626 sed
710 564 800 627 verba
811 564 941 628 alicuius
963 566 1096 646 proponi,
1120 568 1225 629 mente

172 673 328 753 concipere
350 669 505 746 voluisset,
530 687 600 732 eum
622 689 705 734 more
728 689 783 735 suo
805 689 870 733 rem
891 671 1004 734 certius
1028 673 1223 736 definiturum

173 781 266 845 fuisse
290 779 487 842 statuendum
509 780 566 840 est.
660 798 663 802 ·
921 783 923 786 ’

189 908 192 916 ·
258 887 460 949 Transeamus
473 885 567 967 igitur
581 885 619 948 ad
631 884 749 966 aliquot
759 884 853 963 loona,
873 886 908 948 in
921 887 1041 968 quibus,
1054 888 1126 969 quia
1139 887 1225 950 nulla

174 996 301 1060 alterius
324 991 468 1056 orationis
492 991 675 1074 significatio
697 991 747 1064 fit,
779 995 882 1056 utrum
905 997 995 1075 poeta
1017 1013 1055 1058 an
1078 994 1157 1058 alius
1178 995 1226 1058 io-

174 1106 293 1187 quatur,
317 1099 493 1181 ambigitur,
517 1101 548 1162 et
569 1098 695 1162 initium
717 1118 735 1162 a
758 1099 860 1162 satirae
882 1101 981 1165 tertiae
1003 1122 1032 1166 u.
1058 1105 1225 1169 183—189

148 1198 332 1276 'faciamus
388 1209 493 1286 Poeta,
529 1208 690 1287 postquam
726 1207 826 1269 omnia
861 1209 966 1272 Romae
999 1213 1110 1292 magno
1145 1214 1226 1273 stare
1329 1214 1332 1219 '

180 1315 438 1390 commemoravit,
461 1315 517 1377 hos
539 1331 645 1376 versus
667 1314 765 1377 addit:
832 1393 834 1396 Ι

886 1465 1005 1532 Omnia
1028 1467 1141 1532 Romo

147 1637 154 1666 ,
223 1577 304 1642 Cam
314 1544 448 1656 pretio!
458 1537 552 1656 ‘Quid
566 1574 636 1650 doe,
659 1578 696 1637 ot
713 1573 852 1638 Cossum
875 1574 1056 1656 aliquando
1078 1574 1228 1640 salutes?

225 1685 267 1751 Ut
289 1689 319 1748 te
340 1684 497 1764 respiciat
520 1682 632 1745 clauso
661 1681 790 1746 Veiento
818 1681 959 1746 labello?

218 1793 285 1856 Ide
305 1793 397 1855 metit
419 1791 563 1866 barbam,
587 1791 709 1853 crinem
733 1789 784 1852 bie
807 1789 939 1870 deponat
961 1791 1084 1881 amorim

220 1900 328 1965 Pleno
351 1899 465 1961 domos
489 1897 566 1960 b'be’s
587 1896 780 1961 penetrans!
801 1897 922 1978 Aooope
944 1856 1087 1961 etitsrod

221 2009 434 2072 Feamcatam
457 2006 517 2069 tibi
539 2005 641 2068 bobo:
658 2008 823 2086 proestare
846 2005 972 2068 tributo
997 2005 1128 2071 clientes

224 2115 379 2195 Gopimor
403 2117 433 2177 et
455 2112 552 2177 cottis
576 2132 696 2193 corpere
711 2111 845 2192 peccabo
867 2114 979 2176 serora

177 2286 227 2351 Sic
253 2284 448 2348 Heinrichius
481 2319 524 2328 —
556 2302 610 2364 pro
633 2281 818 2359 denatabat,
858 2301 948 2364 quam
982 2283 1163 2365 scripturam
1196 2283 1230 2346 in

177 2379 657 2464 annotationibus'commendat,
680 2390 712 2453 in
734 2392 820 2454 textu
841 2389 1029 2471 peatoda'bos
1050 2398 1165 2472 ponens
1191 2427 1227 2438 -

176 2500 278 2564 locum
302 2499 406 2575 edidit,
430 2502 461 2562 et
484 2498 574 2562 verba
596 2519 614 2560 a
640 2497 728 2578 Quid
750 2497 810 2560 das
835 2499 875 2580 (v.
899 2498 972 2579 184)
998 2499 1034 2560 ad
1058 2498 1178 2578 Accipe
1200 2502 1231 2562 et

178 2612 218 2683 (v.
245 2611 317 2684 181)
342 2607 428 2671 Cossi
451 2605 501 2670 vel
522 2605 698 2670 Veientonis
721 2623 808 2670 servo
829 2605 979 2679 attribuit,
1002 2605 1053 2687 qni
1076 2587 1228 2680 clientem,

177 2720 213 2780 ut
246 2717 283 2779 ad
316 2719 477 2796 patronum
511 2714 711 2788 admittatur,
755 2715 909 2793 petentem
945 2731 1085 2776 nummos
1119 2714 1229 2798 poscit,

179 2841 332 2904 quumque
355 2821 409 2885 illo
432 2823 560 2894 recuset,
585 2820 743 2882 dominum
769 2820 924 2883 neminem
945 2821 1107 2884 admittere
1128 2821 1229 2903 fingit.

180 2929 257 2994 Cum
270 2928 416 3011 Rupertio
435 2928 536 3003 verba,
549 2947 616 3008 quae
637 2930 724 2990 sunt:
746 2927 867 3006 Acerba
879 2931 908 2990 et
919 2927 1011 2990 istud
1021 2927 1231 2992 Fermeatam

179 3037 239 3100 te'bo‘
261 3035 350 3110 bobo,
373 3035 418 3100 sic
439 3035 672 3112 interpretatur:
692 3035 767 3114 jam
790 3033 871 3096 nodi
893 3038 923 3098 et
947 3034 1031 3099 banc
1053 3037 1114 3099 a'rce
1136 3055 1227 3100 oeae·

178 3163 251 3207 sam
280 3144 339 3206 ttbe‘
361 3143 457 3217 tabe,
492 3144 523 3205 et
552 3144 650 3222 poetae
679 3159 715 3205 ea
742 3141 892 3205 attribuit.
949 3143 1110 3206 Dollenius
1144 3162 1231 3209 servo

180 3250 268 3315 Cossi
290 3250 527 3314 velVeientonis
551 3249 658 3312 verba:
682 3247 790 3312 Pleno
812 3249 926 3312 domos
946 3249 1022 3314 libes
1043 3250 1231 3315 conatibus!

180 3359 301 3438 Accipe
334 3361 364 3420 et
404 3357 496 3420 istud
528 3355 738 3442 Fermentom
767 3357 827 3420 te'be'
860 3356 940 3421 habe
980 3357 1078 3421 multo
1118 3359 1232 3422 rectius

182 3465 314 3542 ascribit,
339 3465 392 3527 sed
405 3464 580 3546 genetivum
602 3465 706 3526 omoto'
728 3483 788 3526 non
810 3466 848 3528 ad
871 3464 1014 3536 borbona,
1037 3484 1055 3528 a
1077 3484 1137 3546 qua
1160 3484 1232 3531 voce

183 3572 221 3635 ob
244 3571 378 3653 positum
401 3575 432 3633 et
455 3571 573 3652 positus
596 3591 663 3634 oum
679 3574 777 3634 metro
791 3573 1021 3653 congruentiam
1044 3574 1233 3637 nullomodo
1263 3644 1265 3647 ,

182 3678 287 3742 divelli
310 3680 426 3759 potest,
456 3678 653 3742 referendum.
670 3697 737 3742 esse
760 3683 791 3742 et
814 3698 922 3743 novam
944 3681 1097 3744 notionem
1120 3700 1233 3746 annec-

181 3788 255 3861 tere,
279 3787 486 3874 demonstrare
510 3805 620 3848 conans
645 3785 767 3866 gravius
790 3786 911 3850 labitur.
958 3787 1081 3852 Meiere
1099 3789 1234 3853 borbum

183 3894 265 3958 idem
288 3912 349 3956 non
372 3893 408 3955 de
429 3892 515 3958 Cossi
533 3893 639 3974 juveni
662 3896 763 3956 amato
786 3895 840 3957 sed
862 3894 899 3956 de
921 3894 987 3975 ipso
1011 3896 1104 3960 Cosso
1127 3898 1231 3960 eadem

183 3999 407 4084 significatione
452 4001 543 4080 atque
591 3999 721 4064 tondere
755 4000 889 4064 barbara
933 4002 993 4066 diei
1035 4003 1116 4085 vnlt3
1160 4003 1236 4069 licet
