2686 4596
463 282 506 334 Dc
525 280 674 348 particulis
695 280 876 347 copulativis.
1151 271 1192 347 97

137 485 310 569 puellisque
334 484 496 559 nobilibus,
531 483 583 564 qui
617 500 699 547 more
733 483 829 547 veteri
858 485 893 547 ad
928 484 1075 548 lectorum
1098 481 1195 546 fulcra

139 595 280 657 sedentes
303 593 531 663 vescebantur«
559 593 589 653 et
611 591 692 670 apud
714 592 843 655 eundem
866 592 916 671 (de
929 589 1194 673 AugustoerlV)

142 719 257 782 »neque
269 699 408 764 coenavit
422 717 493 777 una,
519 696 578 760 nisi
594 699 629 759 ut
642 697 671 758 iu
688 697 749 761 imo
761 696 841 761 lecto
856 701 981 778 nepotes
994 698 1191 773 assiderent«

140 826 231 890 quem
256 825 372 872 morem
394 805 520 869 Tacitus
543 823 661 886 quoque
684 805 808 883 (Annal.
834 803 924 880 XIII,
950 808 1000 881 16)
1023 805 1195 868 confirmat:

143 934 227 978 »mos
249 914 429 986 habebatur,
453 911 624 992 principum
646 911 757 974 liberos
780 932 847 974 curn
872 911 982 975 ceteris
997 911 1077 974 idern
1092 911 1193 976 aetatis

139 1022 291 1085 nobilibus
314 1021 456 1085 sedentes
480 1019 561 1082 vesci
584 1018 615 1080 in
639 1019 783 1099 adspectu
813 1018 1048 1100 propinquorum
1073 1021 1104 1081 et
1126 1036 1195 1099 par-

139 1128 219 1193 ciore
255 1146 387 1192 mensa«
447 1126 492 1188 De
525 1125 626 1206 pneris
660 1125 755 1207 igitur
786 1127 823 1189 ad
845 1124 943 1189 fulcra
965 1125 1141 1188 sedentibus
1164 1128 1196 1188 et

140 1235 233 1317 capiti
267 1235 355 1298 aselli
395 1233 476 1296 iuter·
513 1251 637 1296 coenam
671 1233 876 1296 alludentibus
907 1232 993 1296 locus
1027 1235 1193 1295 enarratur.

141 1341 345 1416 Heianohius,
371 1341 421 1422 qui
446 1341 575 1422 priorem
605 1338 741 1402 Suetonii
764 1339 864 1403 locum
888 1340 984 1416 affert,
1016 1357 1069 1421 pro
1092 1339 1194 1420 pueris

141 1465 245 1512 servos
269 1448 441 1524 substItuit‚
475 1466 550 1528 quos
584 1447 710 1528 antiquo
745 1465 827 1510 rnore
861 1448 897 1509 nd
927 1446 1024 1510 fulcra
1045 1446 1194 1510 lectorum

141 1556 283 1619 sedentes
306 1554 386 1618 vesei
410 1554 515 1617 solitos
539 1572 605 1617 esse
628 1555 710 1630 dicit,
734 1557 766 1617 at
789 1555 939 1617 deservis
968 1555 1017 1617 hic
1048 1572 1113 1618 mos
1135 1571 1193 1617 non

141 1663 285 1738 traditur,
315 1665 346 1724 et
368 1661 548 1727 scholiastes
572 1662 608 1723 de
631 1661 730 1724 vernis
752 1661 919 1725 infantibus
941 1659 1107 1724 liberorum
1128 1660 1194 1724 loco

86 1772 89 1777 ’
141 1769 221 1850 apud
247 1771 364 1832 veteres
380 1769 510 1832 rusticos
526 1767 639 1831 habiIIs
651 1768 794 1849 loquitur.
840 1769 1029 1832 Haeeautem
1043 1769 1194 1832 enarratio

143 1876 302 1939 verborum
324 1893 384 1939 nou
407 1894 531 1957 parvam
546 1875 767 1939 dubitationem
780 1877 879 1952 habet,
904 1894 973 1939 nam
989 1895 1085 1958 neque
1098 1894 1194 1952 roceo,

142 2002 210 2064 quea
234 1982 374 2046 suntad
394 1986 493 2062 caput
517 1981 635 2058 ludere,
660 1984 753 2064 capIti
775 1983 910 2045 alludere
933 1983 981 2047 vel
1003 2002 1074 2046 cum
1096 1983 1195 2064 capite

137 2089 236 2172 jocari
259 2089 430 2170 significare
454 2093 589 2170 possunt,
625 2109 722 2171 neque
752 2090 835 2171 pueri
875 2094 929 2153 aut
958 2110 1056 2154 vernae
1089 2090 1196 2153 rustici

143 2196 234 2259 raris
258 2195 385 2259 adunent
407 2215 533 2277 usquam
558 2198 637 2278 aoud
661 2201 766 2276 poetas
788 2201 941 2260 vocantur.
1010 2197 1139 2260 Ovidius
1162 2214 1195 2260 se

144 2303 265 2385 Peligni
297 2303 375 2366 ruris
409 2302 568 2366 alumnum
603 2307 706 2379 vocat,
748 2303 864 2368 Statius
899 2303 1027 2368 Dianam
1061 2290 1195 2367 nemoris

144 2411 301 2490 alumnam
338 2409 483 2480 nominat,
518 2411 598 2491 apud
635 2411 790 2474 Valeriam
812 2411 958 2474 Flaccum
992 2412 1089 2492 pisces
1124 2413 1196 2474 suut

144 2517 281 2580 fluminis
304 2517 430 2592 alumni,
462 2520 496 2580 ut
518 2518 596 2597 apud
620 2516 795 2580 Ciceronem
817 2536 898 2581 ranae
922 2518 1041 2599 paludis
1064 2518 1195 2581 alumnae

144 2627 232 2690 sunt:
266 2624 411 2687 Horatius
444 2623 577 2705 capellas
611 2625 750 2688 alunmas
772 2629 860 2689 vocat
887 2629 919 2688 et
951 2627 1029 2705 apud
1066 2626 1197 2688 eundem

147 2731 243 2793 Fauni
277 2729 436 2811 Satyrique
465 2731 610 2794 silvarum
644 2750 845 2814 agrorumque
878 2733 993 2796 alumni
1028 2733 1108 2807 sunt,
1143 2731 1196 2794 sed

146 2856 296 2919 nusquam
331 2838 416 2918 pueri
451 2839 514 2901 sive
548 2839 635 2901 liberi
665 2840 728 2902 sive
751 2841 829 2902 servi
853 2841 931 2903 ruris
954 2839 1068 2902 alunrni
1091 2838 1196 2919 appel-

147 2945 261 3009 lantur.
306 2944 412 3008 Raris
435 2944 571 3021 alumni,
595 2947 621 3008 si
637 2947 740 3009 missis
752 2946 932 3028 ambagibus
944 2945 1195 3028 significationem

147 3053 304 3116 verborum
328 3053 500 3133 querimus,
537 3056 608 3115 suut
641 3053 747 3117 Incolae
770 3055 858 3127 rur-Is,
894 3053 1046 3135 agricolae.
1104 3055 1198 3117 Poeta

147 3159 206 3222 hoc
240 3157 330 3222 dicit:
364 3179 444 3222 nune
479 3158 636 3240 squalidus
665 3160 764 3223 fossor
792 3159 930 3224 oluscula
967 3159 1095 3236 fastidit,
1130 3178 1197 3241 quae

149 3265 259 3349 Curius
281 3265 312 3327 in
335 3285 425 3347 parvo
448 3268 536 3329 horto
558 3266 623 3347 ipse
646 3267 747 3346 legere
770 3268 900 3341 solebat;
925 3267 995 3330 olim
1020 3267 1197 3331 viriconsu·

146 3372 227 3435 lares
251 3375 281 3435 et
305 3373 354 3453 qui
379 3372 563 3436 dictaturam
585 3379 744 3454 gesserant
766 3375 803 3437 ab
826 3392 915 3456 opere
938 3375 1051 3454 agresti
1076 3376 1113 3438 ad
1129 3394 1198 3456 epu·

147 3478 195 3542 las
218 3478 350 3560 frugales
368 3478 439 3542 laeto
458 3480 671 3554 animoibantss
696 3482 831 3562 supellex
843 3483 878 3544 ut
889 3481 974 3544 cibus
986 3481 1111 3562 simplex
1125 3485 1198 3556 erat,

149 3585 222 3649 lecti
247 3585 330 3649 nulla
353 3585 504 3648 testudine
528 3588 634 3663 ornati,
669 3589 751 3652 frons
786 3607 864 3652 aerea
898 3589 956 3652 vile
991 3591 1083 3669 caput
1112 3588 1200 3652 aselli

147 3691 335 3765 ostendebat,
370 3695 403 3754 et
435 3694 472 3756 ad
505 3693 563 3756 hoc
597 3696 729 3759 convince
762 3697 854 3776 (ruris
876 3695 1005 3774 alumni)
1035 3696 1073 3759 ad
1095 3694 1199 3777 epulas

149 3798 230 3862 festo
264 3799 311 3861 die
343 3799 557 3863 convenientes
589 3800 654 3863 lati
677 3821 837 3882 puerorum
861 3821 943 3866 more
967 3803 1119 3866 ludebant.
1164 3803 1201 3866 In

149 3905 208 3968 hoc
240 3905 336 3986 Igitur
370 3924 460 3969 versu
493 3925 614 3970 summa
636 3908 730 3971 totius
753 3909 964 3990 descriptionis
987 3909 1035 3972 vel
1056 3909 1200 3990 imaginis

150 4011 197 4074 vis
219 4011 315 4075 inest:
351 4031 535 4095 quamquam
569 4008 704 4095 supeller
728 4016 798 4080 vilis
821 4021 853 4080 et
875 4017 960 4079 cibus
983 4016 1110 4097 slmplex
1134 4019 1201 4078 tum

148 4123 226 4196 erat,
248 4119 329 4208 ruris
352 4119 468 4183 alumni
490 4121 562 4185 laeto
586 4122 688 4185 animo
712 4123 816 4204 epulas
839 4122 1042 4186 celebrabant.

997 4226 1013 4278 7

485 4401 635 4436 a.)
