2694 4582
491 300 534 352 De
553 299 745 366 interrogandi
763 299 861 353 forma.
1110 303 1169 366 173

120 504 176 564 est.
192 504 214 570 1)
257 502 371 589 Eodem
394 503 483 565 modo
506 519 564 582 qno
587 501 639 563 dio
660 501 874 582 imperativum
899 502 955 567 ede
976 504 1048 584 poni
1071 521 1169 584 posse,

123 608 417 685 Heinriehiusdioit,
441 608 636 688 quamobrem
660 609 691 669 in
714 610 816 672 satirae
844 610 944 672 tertiae
967 630 994 672 v.
1020 613 1076 675 73:
1100 609 1171 674 Ede

121 716 202 795 qnid
229 715 324 778 iilam
352 734 421 778 esse
441 719 540 794 putee
574 734 627 796 pro
648 718 747 795 petes
777 716 923 779 substitui
956 734 1045 797 posse
1072 716 1170 797 jubes

120 825 224 903 putet,
248 826 294 899 et,
327 826 363 886 ut
385 822 583 885 indicativum
618 823 773 894 detondet,
808 823 888 884 hune
910 822 1009 886 Ioounr
1038 823 1169 904 profert:

120 929 178 1005 ΙΙΙ,
202 932 263 994 298
275 929 346 992 Ede
357 929 414 992 abi
426 931 597 1002 consistere,
610 929 646 991 in
659 949 725 1008 qna
737 932 766 992 te
778 948 886 1007 putero
899 929 1171 1007 proseaohoiubi
1269 1008 1273 1015 ὗ

120 1037 321 1100 mutationem
356 1037 513 1100 modorum
547 1035 674 1098 laudans
707 1040 866 1115 utramque
902 1037 1170 1116 interrogationem

122 1145 228 1207 eodem
251 1146 339 1207 niodo
360 1124 539 1225 imperativo
562 1142 617 1205 ede
639 1142 807 1224 subjectam
830 1161 896 1205 esse
919 1143 1087 1217 contendit3
1118 1143 1171 1206 sed

118 1250 317 1332 interrogatio
352 1251 466 1313 direota
498 1248 728 1332 interrogationi
760 1249 904 1328 pendenti
937 1249 1079 1327 adjuncta
1114 1252 1170 1327 est,

122 1376 213 1438 qoam
234 1348 375 1439 quriendi
397 1358 525 1420 formam
560 1357 650 1419 etiarn
685 1356 716 1418 in
740 1356 840 1418 satirae
863 1358 955 1418 sextae
979 1376 1006 1417 v.
1031 1359 1094 1420 265
1127 1357 1170 1419 in-

119 1466 274 1527 venimus:
297 1463 407 1528 Dieite
428 1484 485 1526 eos
507 1467 617 1543 neptes
639 1462 758 1541 Lepidi
781 1463 917 1542 eceeiqrre
930 1461 1066 1525 'Meiere'
1082 1463 1170 1527 Gur-

117 1573 198 1652 piiis
221 1575 280 1634 aot
302 1571 418 1647 Fabii,
443 1591 514 1652 qnae
537 1570 630 1632 india
651 1571 827 1650 sumpserit
851 1590 994 1648 unquam
1016 1571 1089 1633 Hos
1111 1570 1170 1632 Ita·

119 1678 229 1741 bitae?
266 1679 402 1758 Quando
438 1679 483 1741 ad
508 1677 627 1758 polani
658 1677 757 1758 pererit
790 1697 875 1739 neor
903 1676 1023 1758 Asyli?
1055 1678 1108 1740 ubi
1141 1681 1172 1740 et

120 1785 252 1850 Iahnius
275 1790 306 1848 et
329 1787 521 1848 Hermannus
544 1787 648 1847 eontra
670 1784 806 1846 oodioum
830 1785 1040 1847 auctoritatem
1063 1786 1172 1864 pereat
1247 1805 1249 1808 ·

121 1892 153 1954 in
182 1895 266 1954 tertu
301 1895 425 1974 ponunt.
471 1892 629 1955 JuvenaIIs
662 1890 868 1971 interrogandi
898 1893 1019 1953 rnodnrn
1053 1892 1169 1954 variare

123 2000 207 2061 amat
235 1999 288 2062 ei,
313 1999 369 2071 IV,
406 2002 465 2063 102
488 2000 569 2078 Quis
599 1998 684 2061 enini
700 1998 774 2078 jain
804 2017 870 2059 non
892 1997 1058 2078 iateIIipat
1080 2001 1170 2063 aries

121 2104 312 2168 Patriciae?
345 2106 426 2185 (ruis
442 2107 593 2185 prisonem
615 2104 701 2167 iliud
721 2105 864 2167 iniretur
887 2125 1030 2186 oonmern
1054 2106 1168 2181 Brute,

121 2216 239 2274 tanea?
262 2215 293 2274 et
314 2215 350 2274 ut
371 2212 401 2272 in
424 2211 491 2275 Iooo
513 2232 604 2293 snpra
628 2213 738 2292 scripto
773 2212 940 2292 perfeetum
976 2216 1007 2275 et
1034 2232 1169 2292 praesens

119 2321 239 2399 tempus
263 2338 295 2382 se
318 2320 486 2400 excipiunt,
521 2320 624 2381 eadern
660 2319 805 2398 temporis
836 2319 966 2381 mutatio
988 2320 1099 2399 sepius
1122 2320 1169 2382 in-

120 2426 240 2488 renItor
263 2426 316 2488 etr.
340 2427 431 2498 XIII,
459 2429 518 2491 162
541 2425 623 2505 Quis
645 2425 805 2486 tantidem
833 2429 948 2504 peritur
970 2426 1170 2489 miratorio

119 2530 282 2611 Alpibus?
330 2531 461 2595 Geraia
495 2533 569 2611 quis
602 2532 730 2611 strepuit
757 2531 915 2594 Germani
952 2530 1087 2607 lantino,
1112 2533 1168 2608 III,

124 2641 300 2703 loo-rol.
345 2639 531 2720 Imperativo
553 2639 663 2714 etiarn,
693 2639 742 2718 qni
767 2641 814 2701 est
837 2638 941 2713 dieite,
965 2640 1043 2719 apud
1065 2643 1169 2719 poetas

119 2745 320 2826 interrogatio
344 2746 459 2808 directe
482 2745 585 2808 erebro
608 2744 781 2826 subjicitur:
820 2747 900 2808 Pers.
926 2747 965 2821 ΙΙ,
989 2750 1030 2811 69
1061 2745 1171 2809 Dieite

97 2847 102 2855 ’
114 2852 295 2934 pontificae,
318 2853 355 2914 ia
376 2856 489 2915 ennete
514 2851 595 2932 qnid
607 2851 695 2933 feeit
718 2855 859 2914 aarum?
903 2851 987 2933 Virg.
1011 2859 1088 2916 Aen.
1117 2853 1166 2930 VI,

121 2961 183 3023 6ῖο
195 2957 313 3035 Dicite,
342 2979 413 3038 quoe
435 2960 523 3039 regio
536 2959 711 3043 Anchisen,
736 2959 809 3037 qais
832 2957 926 3020 habet
949 2957 1060 3022 loeus?
1084 2959 1169 3023 ovio.

120 3064 245 3128 Metam.
269 3065 334 3139 ΙΙΙ,
372 3070 434 3131 632
457 3073 543 3145 Ona,
577 3065 673 3128 dieite
695 3068 815 3142 nante,
839 3065 915 3129 Hae
937 3085 996 3145 ope
1011 3067 1170 3145 perveni?

120 3171 172 3234 sed
208 3164 356 3252 nusquam
383 3172 576 3253 ‚imperativo
599 3172 663 3248 ede,
687 3172 735 3234 eni
758 3174 789 3234 et
812 3172 958 3236 Horatius
978 3175 1040 3254 iqui
1064 3176 1170 3237 eadem

145 3463 165 3527 ¹)
185 3462 319 3516 Horatius
347 3478 431 3516 voees
456 3465 495 3514 dic
518 3466 585 3514 sodes
613 3466 828 3530 interrogationi
857 3465 973 3518 directae
1002 3447 1166 3518 interserit:

186 3546 280 3612 Epist.
297 3548 324 3614 Ι,
353 3551 382 3612 I,
409 3551 443 3603 62
462 3549 564 3615 Roscia,
583 3549 621 3598 dic
638 3549 720 3614 sodes,
748 3551 830 3599 melior
858 3550 898 3600 lex
927 3569 959 3600 aa
980 3568 1107 3615 puerorum
1135 3560 1170 3600 est

187 3629 300 3697 Nenia?;
319 3633 340 3697 I,
362 3634 402 3697 16,
421 3634 450 3686 31
472 3633 642 3697 Respondesne
659 3643 705 3692 tuo,
723 3633 762 3682 dic
778 3634 863 3698 sodes,
882 3635 991 3684 nomine?
1011 3633 1061 3686 sed
1080 3634 1169 3699 impe·

186 3715 305 3767 nativum
333 3716 549 3782 interrogationi
578 3706 713 3782 pendenti
741 3717 903 3783 praemittit:
933 3717 992 3770 Sat.
1021 3718 1048 3783 Ι,
1078 3721 1107 3782 I,
1136 3719 1170 3774 49

194 3798 235 3847 Vel
243 3799 289 3865 dic,
299 3799 468 3867 qaid-referat,
490 3800 537 3865 qui
548 3800 621 3852 idem
641 3811 684 3852 est
694 3817 754 3853 mos
766 3799 870 3853 Ovidii:
880 3801 948 3853 Met.
958 3801 1033 3867 VIII,
1052 3803 1103 3857 863
1120 3803 1170 3852 Dic

186 3882 226 3930 noi
234 3883 280 3948 εἰη
299 3882 321 3948 Ι,
331 3885 449 3948 379Dr'e,
474 3885 498 3934 Τ
496 3885 564 3949 hemi,
583 3885 731 3957 proponeris
749 3885 858 3935 damnum
868 3886 1006 3950 reparabile
1023 3895 1098 3935 rroetrr
1110 3887 1170 3936 Arte

185 3968 218 4014 sit
236 3967 287 4018 cfr.
307 3966 387 4019 locus
407 3983 493 4034 supra
511 3969 627 4020 citatus:
651 3969 713 4029 Qua,
732 3969 801 4018 dicite
818 3979 906 4035 nauiter,
926 3970 983 4019 Hae
999 3987 1041 4034 ope
1056 3971 1155 4034 perveni
1160 3989 1169 4030 ;

186 4048 331 4102 Iuvenalis
351 4067 406 4103 uno
431 4051 495 4103 Ioco
522 4058 640 4118 excepto
666 4052 860 4118 imperativum
885 4052 1101 4118 interrogationi
1130 4052 1168 4106 di-

186 4140 271 4185 reetae
290 4135 447 4200 praemittit.
