2694 4582
606 279 644 330 De
665 277 770 343 ellipsi.
1147 282 1207 344 125

155 483 261 560 batur,
296 485 445 546 commate
479 482 600 554 incidit,
628 499 719 562 quarn
742 481 967 546 distinctionem
990 481 1206 545 commendans

154 609 280 673 pravam
302 591 388 654 illam
400 589 523 653 Weberi
546 589 776 665 enarrationem,
799 609 867 671 quae
885 593 1008 669 poetam
1030 587 1128 670 agello
1150 608 1206 670 pa·

157 702 244 762 terno
283 697 485 761 adversarium
523 699 732 777 provocantem
768 697 843 760 mire
884 696 987 777 tingit,
1017 696 1086 778 jure
1120 715 1207 777 repu-

156 805 259 869 diavit.
314 805 445 869 Jabnius
479 807 510 866 et
533 804 737 882 Hermannus,
772 803 823 884 qui
855 821 960 866 ornnes
982 822 1087 867 versus
1109 806 1206 884 pootae

156 913 321 976 attribuere
344 912 490 984 videntur,
514 912 584 991 post
605 909 727 993 sufficit
749 915 787 983 (v.
813 914 867 979 53)
892 911 1015 992 signum
1037 910 1206 992 interroga-

159 1019 251 1083 tionis
273 1022 399 1101 ponunt
423 1024 556 1081 ceterum
574 1017 800 1080 distinctionem
811 1017 981 1080 Heinrichii
1004 1017 1206 1098 itasequun-

158 1132 222 1202 tur,
250 1132 301 1199 ut,
335 1127 448 1189 multos
482 1124 551 1188 illos
584 1125 666 1188 locos
699 1129 943 1199 contemnentes,
972 1125 1082 1207 quibus
1117 1126 1207 1206 poeta

159 1252 193 1296 ex
217 1252 271 1297 suo
300 1233 443 1314 loquendi
478 1251 535 1295 usu
558 1251 665 1296 novam
697 1232 879 1295 sententiam
911 1236 1021 1312 puncto
1051 1250 1205 1313 apraeee-
1243 1219 1244 1223 ¹

159 1341 243 1403 denti
275 1341 442 1422 sejunctam
466 1359 484 1402 a
506 1339 655 1420 particula
677 1343 707 1402 et
728 1340 869 1420 incipiat:
910 1338 1020 1416 Vo'oat,
1051 1338 1207 1418 Fidenis;

158 1452 188 1512 et
210 1447 314 1529 noello
339 1449 412 1511 cedo
428 1451 581 1528 paterno.
619 1448 700 1528 Quis
723 1451 831 1510 tamen
852 1466 921 1526 sqq.
946 1448 1046 1510 edant.
1074 1446 1207 1511 Vocibus

158 1560 278 1629 autem,
316 1574 383 1637 quae
407 1568 478 1618 sunt
506 1574 586 1635 coro
604 1559 761 1634 paterno,
799 1557 991 1634 opponuntur
1025 1558 1147 1618 montes
1177 1560 1208 1618 et

158 1663 334 1743 spelunca,
370 1662 566 1743 quamobrem
594 1663 630 1723 ad
653 1662 757 1724 verba:
791 1660 837 1723 Et
853 1660 958 1741 ucello
977 1661 1051 1725 cedo
1063 1665 1206 1741 paterno

158 1771 281 1834 verbum
296 1782 375 1838 (earn
388 1770 431 1832 sie
442 1769 577 1841 oo'na'cee)
589 1787 623 1831 er
630 1769 870 1850 precedentibus
882 1769 981 1832 verbis
994 1770 1102 1844 (odeat,
1114 1770 1207 1847 cinit,

157 1879 260 1954 oinct)
273 1856 392 1941 mutata
406 1877 502 1940 forma
515 1877 560 1940 viv
577 1877 789 1939 arcessendum
802 1880 858 1954 est
872 1877 924 1938 sed
938 1894 1024 1939 voees
1036 1876 1086 1940 nil
1098 1881 1207 1941 actum

159 2003 194 2048 ex
217 1985 367 2048 sententia
390 1984 528 2065 sequenti
550 1985 724 2047 revocandae
747 1991 833 2047 sunt:
867 1982 913 2045 Et
941 1983 1045 2065 noello
1063 1988 1205 2064 paterno

159 2092 338 2156 adlectum
361 2093 443 2164 cede.
478 2094 552 2172 nocis
575 2096 683 2155 tornea
706 2091 864 2175 affirmat,
900 2092 936 2154 r'n
959 2093 1123 2155 montibus
1146 2096 1206 2155 not

158 2201 195 2263 o'n
212 2199 377 2279 speluncis
399 2200 449 2262 nil
472 2203 595 2275 actara,
626 2205 654 2262 et
688 2203 756 2280 post
771 2203 914 2279 paterno
938 2218 996 2262 non
1021 2201 1132 2280 puncto
1154 2201 1208 2264 sed

159 2312 309 2370 commate
343 2308 434 2370 incidi
467 2307 564 2370 debet.
632 2307 745 2369 Versus
784 2307 843 2386 insi
884 2307 998 2369 nullam
1042 2307 1208 2370 difficulta-

159 2418 223 2477 tem
247 2414 367 2489 habent,
390 2434 459 2477 narn
485 2415 593 2490 verba,
617 2434 685 2495 quae
708 2419 778 2476 sunt
812 2413 912 2477 Ocius
933 2413 1020 2476 coroa
1042 2419 1207 2495 extorque·

161 2522 225 2597 bic,
260 2526 297 2584 at
319 2522 384 2584 boec
407 2521 497 2584 oculo
528 2526 677 2585 contenta
699 2522 743 2584 eit
771 2542 851 2596 nnc,
885 2522 928 2584 ita
956 2525 992 2584 ut
1014 2526 1208 2585 enarrentur:

165 2630 208 2692 »si
233 2630 392 2693 veritatem
413 2629 442 2691 vi
466 2632 684 2693 tormentorum
712 2629 749 2691 nb
778 2648 813 2691 ea
837 2633 1011 2709 extorquere
1035 2629 1143 2703 velles,
1177 2649 1209 2694 se

161 2738 262 2818 potius
284 2756 343 2800 uno
367 2738 453 2800 oeulo
472 2756 561 2818 quarn
587 2756 646 2801 uno
669 2738 731 2800 viro
754 2739 927 2799 corrtentanr
951 2738 1014 2799 fore
1038 2736 1205 2799 fateretur«

164 2845 294 2908 enarrari
317 2865 374 2907 non
399 2863 501 2924 posse,
526 2845 573 2906 vix
597 2855 652 2919 est,
677 2845 755 2925 quod
779 2862 933 2923 moneant,
958 2861 1026 2905 narn
1051 2845 1132 2906 inter
1155 2843 1205 2905 ad·

164 2951 327 3016 versarium
360 2953 464 3015 tietunr
490 2957 521 3015 et
548 2956 666 3034 poetam
695 2971 743 3014 res
766 2951 879 3032 agitur.
929 2950 1118 3013 Coharentia
1146 2968 1209 3013 ser·

160 3060 260 3122 monis
284 3060 443 3141 perspicua
465 3065 521 3123 est.
566 3060 666 3122 Verba
689 3060 783 3122 enirn:
818 3056 915 3121 Ocius
937 3057 1023 3120 iilud
1044 3061 1209 3137 extorque-

163 3168 212 3230 bis
234 3204 275 3213 -
297 3187 372 3238 ano,
397 3167 476 3248 quod
500 3167 564 3247 ipsa
587 3168 730 3230 orationis
753 3167 848 3229 forma
873 3166 948 3229 satis
971 3167 1075 3233 docet.
1108 3165 1210 3228 verbis

168 3274 260 3339 Unus
281 3274 451 3338 Hiberinae
473 3275 524 3336 or'r
545 3273 667 3358 sufficit
694 3274 739 3336 ita
761 3277 967 3355 opponuntur,
998 3275 1033 3335 ut
1055 3274 1208 3354 appareat,

162 3382 241 3445 hanc
264 3381 422 3445 Hiberinae
444 3382 567 3444 laudem
589 3401 648 3444 non
671 3381 773 3443 minus
792 3381 946 3443 evidenter
969 3398 1060 3460 quam
1083 3397 1209 3460 sequen-

160 3490 204 3552 tia
236 3491 326 3553 verba
355 3489 487 3570 Moyna
523 3493 630 3552 toracem
645 3487 743 3570 forno
774 3491 820 3550 est
850 3487 1020 3550 cuirrcdam
1043 3507 1120 3550 rare
1147 3507 1209 3567 pa·

161 3600 252 3660 terno
275 3598 428 3671 adventio,
462 3617 529 3678 quar
554 3596 651 3659 verbis
675 3594 914 3675 praecedentibus
937 3598 1141 3676 opponuntur,
1175 3613 1210 3658 ex

162 3705 287 3767 adverso
312 3705 368 3768 dici
393 3704 478 3785 fingi.
536 3696 656 3783 Dialogi
680 3704 778 3765 forma
807 3702 885 3782 apud
915 3701 1089 3764 iuvenalem
1119 3701 1210 3764 raris·

164 3812 242 3874 sima
264 3816 320 3890 est,
343 3831 447 3875 verum
470 3811 575 3874 erebro
598 3806 701 3891 poeta,
741 3829 808 3891 quae
831 3808 869 3872 ab
892 3809 994 3889 aliquo
1023 3808 1210 3871 contradici

161 3937 250 3998 posse
273 3919 460 4000 suspicatur,
495 3919 559 3998 ipse
583 3918 688 3979 eadem
711 3917 808 3979 forma
829 3917 957 3996 profert,
992 3932 1083 3995 aque
1107 3914 1132 3977 si
1155 3915 1209 3976 ad-

165 4026 314 4090 versarius
337 4046 372 4089 ea
394 4027 529 4089 dixisset.
585 4022 660 4104 Quae
683 4044 777 4105 quum
799 4023 844 4086 ita
867 4023 945 4103 sint,
972 4022 1036 4084 sive
1059 4021 1207 4083 Hiberica

163 4153 273 4197 nomen
296 4135 401 4196 fiotum
435 4141 558 4216 (sponsa
581 4132 721 4197 Postumi
743 4131 864 4196 omnino
894 4149 960 4194 esse
984 4129 1101 4210 nequit)
1137 4128 1209 4205 sive,
