2694 4582
589 302 631 354 De
650 301 754 368 ellipsi.
815 295 827 314 ”
1139 306 1198 370 129

144 505 340 569 Heinrichius
374 506 476 586 plures
509 505 646 568 homines
669 504 830 584 loquentes
857 504 985 583 inducit,
1021 506 1074 568 sed
1107 524 1199 586 quam

145 612 260 676 nullam
296 612 356 676 sibi.
386 628 564 692 persuasam
597 611 746 675 sermonis
776 610 1022 674 distributionem
1054 611 1198 693 proferat,

140 721 207 803 jem
234 719 303 782 inde
332 721 468 800 apparet,
503 719 590 799 quod,
625 720 785 799 postquam
813 721 935 798 poetam
957 736 976 782 a
998 717 1089 782 Pone
1110 719 1197 782 domi

145 832 185 902 (v.
210 827 264 909 65)
287 827 325 890 ad
353 827 431 906 (lere
454 825 549 888 labro
572 834 611 898 (v.
637 828 691 900 67)
713 825 796 905 loqui
818 824 902 900 dixit,
937 825 1036 888 tertiae
1059 845 1197 907 persooae

143 934 235 998 verba
257 934 295 996 ad
317 932 378 995 Nil
400 932 515 996 borum
538 938 576 1008 (v.
600 935 662 1008 71),
686 934 803 1013 quartae
825 933 882 995 hoc
905 950 1082 1014 responsum
1105 934 1195 996 attri-

143 1041 219 1116 buit,
242 1041 438 1122 quamobrem
462 1039 619 1125 Rupertio,
655 1039 705 1120 qui
736 1057 842 1102 versus
866 1042 990 1111 65-67
1016 1039 1064 1103 vel
1085 1039 1196 1121 populo

144 1148 193 1212 vel
205 1147 342 1228 pluribus
354 1147 479 1210 ascribit
495 1147 662 1221 (confusam
679 1137 814 1208 eiusdem
826 1145 921 1208 totius
933 1147 1081 1211 sermonis
1093 1147 1197 1210 distri-

143 1255 298 1318 butionem
311 1273 360 1316 me
373 1253 513 1317 omittere
539 1271 629 1337 posse
652 1252 804 1334 arbitror),
827 1270 971 1317 assensus
989 1273 1063 1327 esse,
1087 1255 1195 1319 deinde

144 1362 327 1425 sententiam
350 1361 516 1424 mutavisse
539 1360 668 1423 videtur.
725 1361 753 1422 Α
776 1379 803 1422 v.
828 1362 869 1425 72
892 1358 959 1423 Sed
980 1360 1062 1439 quid
1082 1360 1194 1425 Turba

143 1473 282 1532 tremens
310 1468 347 1531 ad
377 1467 502 1531 Panem
532 1471 562 1530 et
596 1464 763 1530 Circenses
785 1468 832 1548 11.
857 1467 911 1548 81)
946 1469 1069 1548 poetam
1101 1467 1193 1548 loqui,

141 1581 208 1640 tum
225 1592 379 1640 sermones
396 1575 451 1638 hac
466 1573 640 1656 parenthesi
656 1574 841 1654 interruptos
859 1573 904 1636 ita
915 1573 1085 1636 continuari
1096 1578 1194 1655 putat,

141 1687 176 1748 ut
198 1683 275 1746 alter
297 1682 386 1745 modo
408 1683 499 1745 verba
523 1681 693 1744 Perituros
716 1680 815 1743 nodio
831 1679 951 1743 melios
974 1685 1012 1755 (v.
1030 1684 1093 1763 81),
1116 1681 1194 1745 alter

140 1791 257 1871 reliqua
286 1790 375 1853 dicat.
421 1789 520 1852 Multo
554 1788 724 1868 simplicius
758 1807 793 1851 ao
827 1783 927 1851 verius
957 1787 1088 1851 Jahnius
1117 1789 1192 1853 duos

138 1899 254 1984 primos
282 1915 387 1960 versus
414 1898 511 1976 poetes
540 1895 687 1958 attribuit.
723 1898 755 1958 et
783 1894 914 1975 rquuos
943 1912 1049 1958 versus
1080 1896 1192 1977 dialogi

139 2005 238 2069 forma
261 2005 305 2067 ita
328 2002 496 2083 distingvit,
530 2006 566 2065 ut
594 2003 672 2064 alter
700 2002 790 2064 verba
812 2019 830 2064 a
855 1999 1113 2081 1166167660.
1138 2005 1192 2086 67)

138 2114 176 2177 ad
209 2108 335 2175 alterius
368 2127 549 2193 responsum
582 2108 643 2172 Nil
676 2108 791 2171 horum
824 2113 862 2183 (v.
892 2110 946 2187 71)
983 2108 1118 2189 proferat
1160 2115 1192 2174 et

137 2238 280 2301 responso
313 2220 473 2280 contentus
505 2217 595 2280 modo
629 2217 719 2280 verba
753 2215 843 2279 Bene
876 2213 990 2294 buten
1032 2216 1082 2280 011
1109 2216 1191 2297 ples

30 2342 32 2345 ·
138 2326 303 2402 interrogo
329 2326 368 2401 (v.
389 2327 442 2400 72)
465 2324 597 2405 adjiciat,
621 2325 674 2387 sed
697 2323 823 2386 eandem
845 2324 1041 2404 parenthesin
1063 2324 1189 2400 inducit,

137 2437 227 2514 atque
261 2431 391 2512 reliquos
424 2449 529 2494 versus
562 2432 667 2494 eodem
700 2431 788 2494 modo
825 2430 990 2510 distribuit.
1034 2431 1109 2510 Quae
1143 2436 1190 2495 est

137 2544 240 2603 autem
272 2539 327 2601 ille
360 2538 566 2620 parenthesis,
601 2557 667 2618 quae
697 2536 853 2599 averbis:
878 2535 944 2599 Sed
973 2537 1054 2616 quid
1078 2539 1189 2602 Turbo

141 2645 305 2709 tremens?
368 2644 526 2725 Sequitur
560 2644 731 2725 fortunam
767 2646 805 2705 ot
839 2662 964 2723 semper
1003 2644 1059 2707 tali
1099 2646 1189 2710 modo

136 2753 259 2816 initium
293 2753 380 2834 capit,
416 2756 451 2815 ut
484 2753 551 2814 duae
584 2752 692 2835 primae
727 2752 792 2813 eius
823 2751 1052 2816 enunciationes
1081 2753 1189 2816 eadem

136 2860 417 2934 formaefferantur,
441 2877 500 2940 qua
514 2858 688 2942 precedens
710 2857 907 2938 interrogatio
932 2863 963 2921 et
986 2863 1188 2940 responsum?

137 2966 212 3046 Quis
234 2968 290 3030 hos
313 2985 417 3030 versus
440 2967 546 3047 legens
569 2964 736 3028 orationem
750 2965 986 3046 interrogatione
1002 2968 1188 3047 etresponso

137 3073 307 3137 continuari
336 3065 403 3136 non‘
425 3074 549 3136 credat?
598 3072 680 3146 Quod
716 3089 804 3136 voces
834 3071 896 3134 Nil
910 3071 993 3152 plue
1022 3073 1187 3155 interrogo

136 3182 321 3264 praecedunt,
357 3184 437 3244 certe
460 3198 520 3243 non
547 3179 687 3263 impedit,
721 3180 881 3260 quominus
904 3172 985 3243 idem
1007 3181 1097 3244 horno
1121 3180 1190 3245 Sed

137 3287 218 3368 quid
239 3289 336 3352 turbo
359 3292 498 3351 tremens
526 3287 694 3368 interroget
723 3287 771 3362 (ad
801 3287 983 3368 particulam
1005 3287 1187 3352 666107700-

136 3396 269 3459 dendum
294 3398 362 3471 est),
385 3395 569 3458 nam'modo
591 3413 623 3457 se
646 3394 683 3456 de
707 3391 814 3456 Seiano
836 3392 914 3455 nihil
936 3394 1067 3476 amplius
1090 3395 1186 3460 inter-

136 3505 313 3584 rogaturum
337 3521 403 3566 esse
427 3502 567 3575 declarat,
602 3503 633 3562 67
662 3500 783 3563 turbam
812 3500 969 3563 hominurn
999 3502 1038 3564 ad
1060 3503 1187 3567 cadaver

136 3610 234 3673 necati
249 3609 349 3673 Seiani
362 3611 591 3673 concurrentem
604 3608 710 3671 videns
721 3608 779 3669 hoc
795 3607 863 3670 visu
885 3612 1053 3672 commotus
1076 3628 1187 3674 nouam

134 3717 405 3799 interrogationem
431 3716 468 3778 de
491 3715 617 3779 consilio
636 3713 734 3778 turbae
746 3713 921 3788 festinantis
934 3715 1024 3778 addit.
1051 3717 1126 3780 Tam
1139 3717 1185 3780 vi-

134 3825 203 3888 vida
215 3827 261 3888 est
273 3825 368 3888 oratio
379 3828 487 3905 poetae,
498 3825 534 3885 ut
545 3820 647 3886 omnia
659 3821 889 3884 oculiscernere
901 3823 1067 3887 videamur.
1091 3826 1185 3888 Poeta
1277 3856 1281 3861 -

135 3932 251 3996 nullam
272 3929 469 4018 parenthesin
491 3929 570 3992 inter
594 3946 748 3991 sermones
769 3928 955 4004 interseruit,
980 3931 1184 3995 etcontinuus

134 4041 181 4103 est
203 4057 301 4102 sermo
323 4037 403 4100 iuter
432 4039 565 4120 poetam,
600 4035 652 4116 qui
680 4035 892 4117 respondentis
919 4037 1051 4100 hominis
1079 4041 1184 4121 partes

135 4146 244 4227 ubique
267 4145 342 4226 agit,
370 4147 401 4207 et
423 4144 577 4207 hominem
600 4143 637 4205 de
659 4142 756 4223 plebe,
785 4161 874 4223 quem
897 4146 988 4225 poeta
1008 4144 1183 4224 loquentem

139 4246 146 4258 '
606 4267 608 4271 ⁷
961 4246 977 4299 9
