2694 4582
196 283 239 350 50
481 286 524 338 De
543 286 677 351 liberiore
696 288 844 343 verborum
863 289 968 356 positu.

203 487 312 552 simam
334 488 480 572 jungendi
503 490 632 555 formam
654 492 792 574 praebent
813 495 906 574 atque
929 512 995 557 eam
1018 494 1136 559 obrem
1152 497 1253 562 multo

199 595 339 661 crebrius
362 616 453 679 quam
477 599 584 662 ceterae
607 599 797 676 adhibentur,
820 619 886 682 quae
909 604 996 666 sunt:
1020 606 1058 677 et,
1092 608 1159 680 cat,
1182 604 1251 686 sed,

198 723 259 769 aec
282 704 335 785 (ac
356 704 453 786 neque
476 706 555 786 apud
576 702 757 770 Juvenalem
780 727 878 790 nequa
900 711 979 790 apud
1001 711 1124 792 priores,
1153 731 1251 794 quan-

195 814 265 876 tum
287 813 360 892 scio,
382 812 597 895 postponitur),
630 810 740 895 quibus
768 812 815 876 hae
845 813 914 877 addi
936 822 1078 898 possunt:
1113 823 1157 897 at,
1193 840 1247 895 aa,

197 940 345 1005 namque,
369 920 526 1005 quamodo,
550 923 633 1002 qaod,
657 924 794 998 caleam,
818 941 894 1001 ecce,
925 927 988 988 tam
1010 943 1077 989 raro
1099 927 1152 990 uni
1174 931 1249 1006 (non

193 1028 348 1113 pluribus)
374 1035 595 1100 enunciationis
616 1030 682 1094 voci
704 1034 934 1112 postponuntur,
965 1036 1001 1097 ut
1031 1035 1119 1097 modo
1141 1053 1245 1115 pauca,

199 1155 236 1200 ne
260 1137 360 1203 dicam
383 1140 512 1224 singula,
537 1141 674 1224 exempla
686 1141 841 1216 exste11t1).
870 1139 1024 1204 Particula
1045 1161 1129 1231 erpo,
1153 1144 1248 1207 etiam

197 1245 250 1309 ubi
273 1246 390 1310 nussam
412 1249 634 1320 conclusionem
656 1248 773 1314 inducit
795 1251 826 1310 et
849 1251 917 1328 post
939 1248 1157 1330 digressionem
1179 1269 1249 1314 ora-

195 1353 310 1418 tionem
330 1355 531 1437 interruptam
566 1356 703 1432 resumit,
736 1354 767 1417 in
791 1354 935 1418 orationis
962 1355 1050 1419 initio
1074 1359 1143 1438 poni
1167 1357 1249 1422 solet

196 1465 289 1543 atque
311 1464 401 1527 modo
423 1463 461 1526 iis
483 1464 557 1528 loeis
579 1464 754 1539 retrahitur,
782 1461 891 1544 quibus
914 1480 968 1526 vox
991 1482 1160 1546 praegressa
1182 1465 1246 1530 sin-

193 1569 294 1650 gulari
316 1570 347 1634 vi
369 1571 509 1635 effertur:
542 1571 601 1646 1‚3
622 1571 761 1652 Impune
783 1590 857 1652 erpo
879 1568 962 1633 mihi
982 1572 1167 1636 recitaverit
1188 1572 1248 1638 elle

181 1679 333 1760 'teocius
368 1680 407 1744 15
435 1677 482 1741 Et
514 1697 575 1742 aas
609 1698 683 1760 erpo
717 1698 850 1742 monam
870 1677 990 1760 ferulae
1018 1679 1243 1758 subducamur,

189 1785 340 1863 particula
371 1789 480 1850 tamea
513 1786 622 1868 ubique
656 1786 821 1863 revellitur,
855 1789 886 1849 91
913 1805 931 1849 a
957 1786 1105 1868 particula
1138 1788 1246 1869 iollae·

190 1893 312 1976 (itaque
325 1895 404 1976 apud
420 1894 604 1958 iuvenalem
626 1911 686 1958 nou
708 1895 868 1976 reperitur)
892 1894 1045 1958 sententia
1067 1899 1114 1958 ter
1135 1895 1243 1978 incipit

190 2000 231 2084 (V
232 2002 259 2086 1,
272 2005 344 2079 210,
366 2003 421 2078 IX,
434 2005 483 2078 20,
506 2002 543 2079 X,
553 2005 637 2081 285).

283 2108 353 2172 llixi
381 2110 485 2192 igitur,
507 2108 690 2175 iuvenalem
712 2109 743 2173 in
765 2109 823 2172 hoc
845 2109 964 2172 dicendi
986 2127 1096 2190 genere
1119 2130 1135 2174 a
1158 2112 1243 2192 prio-

187 2216 272 2281 ribus
295 2218 393 2299 poetis
406 2218 568 2300 discedere,
593 2218 670 2299 quod
693 2218 729 2280 ut
750 2216 876 2298 probem
898 2219 929 2280 91
950 2217 1238 2298 interprobaudum

185 2324 356 2389 liberiorem
386 2325 546 2390 verborum
578 2325 720 2407 positum,
755 2325 807 2406 qui
840 2326 918 2406 apud
952 2344 1022 2389 eum
1055 2325 1237 2400 inveniatur,

187 2432 299 2515 quique
323 2451 358 2497 er
379 2433 426 2509 iis,
451 2452 516 2515 quae
540 2435 776 2498 commemorata
798 2434 878 2509 suut,
901 2452 957 2496 noir
977 2435 1103 2505 eluceat,
1126 2434 1235 2496 adum-

188 2539 282 2617 brem,
313 2541 422 2622 quibus
449 2541 641 2606 liberioribus
674 2560 692 2604 a
725 2539 874 2623 prioribus
907 2539 1052 2603 adhibitis
1075 2541 1236 2605 verborum

185 2649 471 2730 transpositionibus
493 2649 653 2727 abstineat,
676 2650 707 2712 in
730 2668 823 2712 unum
849 2648 1009 2724 conteram,
1033 2647 1077 2711 sio
1099 2648 1177 2711 enim
1203 2651 1235 2712 et

183 2755 307 2820 liberior
328 2758 488 2821 verborum
509 2759 635 2839 positus
666 2774 725 2838 quo
746 2756 852 2835 utitur,
888 2759 918 2820 et
948 2755 1119 2832 discrimen,
1154 2758 1236 2838 quod

183 2864 240 2928 hoe
265 2865 297 2928 in
318 2883 428 2948 genere
451 2864 620 2950 inteream
646 2867 676 2927 91
698 2863 767 2927 illos
790 2882 854 2927 esse
874 2865 944 2938 dixi,
968 2864 1079 2944 optime
1103 2863 1233 2927 discerni

182 2971 304 3053 poterit.
363 2973 438 3036 Haeo
459 2972 504 3035 rai
527 2972 706 3053 exponendae
729 2971 807 3033 ratio
830 2971 887 3033 boc
909 2969 982 3033 mali
1004 2971 1107 3046 habet,
1142 2971 1231 3052 quod,

182 3097 220 3142 ue
243 3099 319 3143 vana
341 3080 474 3162 proferre
496 3080 606 3157 videar,
630 3079 766 3160 exempla
784 3076 917 3159 proferre
940 3095 1038 3159 cogar,
1061 3077 1114 3141 sed
1137 3090 1232 3159 quum

199 3344 217 3411 ¹)
248 3337 294 3398 'Sic
313 3364 420 3413 namque,
449 3350 566 3414 quamvis,
594 3346 873 3413 urinam‚an,quando,
893 3343 1062 3410 quinetiam
1080 3353 1122 3394 cul
1141 3343 1223 3396 modo

248 3432 347 3497 semel}
364 3433 411 3493 uui
439 3432 501 3489 voci
527 3439 752 3503 postponuntur:
786 3431 885 3498 xima,
910 3430 1021 3496 XIII‚3,
1044 3427 1161 3495 VI‚638,
1180 3427 1229 3494 VI,

249 3516 382 3581 61,Ἰ,88,
401 3516 519 3583 viana
548 3529 570 3568 et
596 3525 639 3583 ter
657 3516 848 3585 postpositum
866 3515 1016 3568 invenitur:
1044 3513 1159 3579 111111,
1178 3512 1225 3578 ΙΧ,

252 3602 309 3668 loa,
328 3600 387 3667 XV,
398 3603 431 3657 all
451 3601 580 3667 (Jahnius
599 3603 626 3654 in
646 3601 736 3654 indice
757 3608 877 3668 quatuor
895 3601 974 3654 locos
993 3599 1080 3665 addit,
1100 3598 1151 3652 sed
1170 3613 1227 3650 om·

246 3685 328 3740 nibus
347 3697 368 3736 et
385 3702 436 3754 pro
460 3689 530 3738 etiam
554 3688 677 3755 positum
703 3693 756 3752 est,
780 3692 812 3738 ut
829 3686 856 3738 in
876 3693 929 3738 sat.
949 3683 1013 3736 XIV
1031 3701 1056 3737 v.
1076 3687 1093 3735 4
1111 3682 1143 3734 Si
1159 3683 1228 3732 daru-

245 3788 305 3822 oosa
322 3791 398 3822 senem
414 3775 482 3835 juvat
499 3773 564 3839 alea,
594 3773 654 3823 ludit
671 3783 693 3823 et
711 3773 798 3839 heres),
826 3781 882 3836 quot
899 3769 1152 3835 (interrogativum)
1171 3766 1228 3819 bis:

245 3855 327 3924 IVJ,
347 3857 393 3922 VI,
401 3859 450 3914 106
471 3857 531 3911 sml.
547 3899 568 3910 ..
584 3857 614 3910 In
633 3857 791 3925 particulis,
811 3871 873 3922 quae
893 3862 972 3909 sunt:
990 3872 1040 3921 car,
1059 3871 1143 3918 quare,
1162 3852 1225 3918 dani,

244 3952 375 4006 postquam,
402 3960 480 4009 quam,
499 3944 553 4003 nisi,
578 3943 695 4008 duabus,
723 3943 792 4007 ande,
814 3943 909 4006 quoties,
930 3941 978 4000 abi,
999 3939 1089 3992 tribus
1107 3937 1226 3990 vocibus

245 4027 450 4093 postponentis
469 4027 614 4080 luvenalis
647 4028 771 4094 priorum
800 4035 947 4094 poetarum
975 4023 1107 4076 libertate
1123 4035 1221 4096 'parce

244 4111 340 4177 utitur,
351 4111 379 4162 hi
390 4111 462 4163 euim
481 4111 595 4165 easdem
614 4112 771 4179 particulas
790 4110 920 4179 pluribus
940 4123 1052 4176 quoque
1073 4105 1224 4161 sententiae

243 4195 359 4250 vocibus
377 4202 563 4264 postponunt.
789 4203 791 4208 ’
