2694 4582
173 279 214 342 38
453 276 494 327 Ile
515 275 647 328 liberiore
667 276 814 328 verborum
833 277 937 342 positu.

172 479 249 543 ratio
272 479 308 542 de
331 484 402 543 nota
424 479 478 543 illa
492 480 636 562 Agrippae
649 480 781 557 ,maioris
805 480 871 544 lilia
891 480 1053 545 libidinosa
1075 485 1107 546 et
1129 483 1222 546 tratre

173 587 311 671 Agrippa
333 588 458 661 minore,
482 588 601 651 Ituraeae
624 607 704 669 rege,
728 589 916 669 preferenda
939 588 987 652 sit.

256 697 285 758 A
307 695 445 758 liberiore
468 696 685 778 adjectivorum
713 699 744 759 et
773 696 1035 765 substantivorum
1061 697 1091 758 in
1115 697 1222 760 eadem

172 803 322 867 sententia
337 803 547 868 distributione
560 806 597 868 ad
610 805 792 869 substantivi
806 805 865 878 (vei
878 804 1057 868 substantivi
1076 809 1107 868 ct
1121 791 1223 887 adjecss

112 923 115 930 '
173 910 249 984 tivi),
273 911 350 991 quod
374 912 503 974 duarum
525 912 743 987 sententiarum
767 930 928 976 commune
956 915 1010 982 est,
1033 913 1069 974 ad
1092 913 1221 976 alteram

171 1019 434 1099 transpositionem
451 1021 638 1084 tractandam
653 1023 854 1083 transeamus.
883 1021 965 1083 Ante
987 1020 1138 1083 omniaad
1150 1040 1221 1084 eum

173 1126 333 1190 Juvenalis
356 1146 444 1189 usum
464 1130 665 1206 attendamus,
688 1129 766 1208 quod
788 1127 958 1209 subjectum
980 1127 1019 1190 ab
1040 1127 1127 1191 initio
1149 1147 1220 1192 seu·

170 1234 274 1297 tentiae
287 1234 330 1297 ita
340 1233 453 1297 retrahi
469 1235 553 1315 solet
581 1240 616 1298 ut
638 1240 691 1299 aut
713 1236 827 1298 nudum
852 1239 904 1298 aut
927 1255 996 1298 cum
1014 1235 1221 1300 additamento

175 1342 337 1424 (adjectivo
361 1343 407 1404 vel
430 1342 600 1423 participio)
611 1343 751 1425 junctum
768 1343 916 1406 ultimum
939 1343 1098 1405 sententiae
1120 1343 1221 1408 locum

169 1453 288 1522 teneat3
312 1450 393 1513 huuc
415 1450 494 1512 enim
519 1451 658 1532 loquendi
683 1470 782 1528 usum,
814 1451 861 1512 cui
885 1454 975 1530 poeta
998 1451 1104 1513 eximie
1129 1452 1219 1526 lavet,

169 1555 207 1618 ad
221 1576 264 1632 aa,
288 1577 354 1638 quae
371 1547 530 1620 tractaturi
543 1577 657 1634 sumus,
680 1557 862 1622 illustranda
884 1575 944 1621 uun
967 1558 1051 1638 parvi
1074 1559 1221 1622 mutuanti

171 1682 236 1728 esse
248 1669 336 1745 puto:
361 1665 410 1740 LA
423 1664 561 1745 [capace
583 1667 667 1728 dicia
682 1664 919 1748 consumpserit
933 1648 1050 1745 iapeus
1063 1665 1221 1745 Telephus

59 1820 61 1826 .
170 1776 231 1835 aat
252 1775 370 1835 samsai
386 1772 490 1853 placa
506 1775 579 1854 jaci
602 1775 751 1855 marpiae
773 1773 851 1836 libai
870 1773 1020 1853 Scriptus
1038 1777 1068 1836 et
1081 1775 1219 1855 iateapa

171 1880 307 1943 saeculam
319 1882 440 1965 placitas
455 1881 600 1961 Orestes;
628 1882 679 1947 VI.
693 1885 754 1948 539
767 1881 869 1944 Illius
882 1881 1028 1945 lacrima
1043 1886 1219 1961 praetant,
1281 1957 1284 1963 Ι

177 1987 219 2053 Ut
239 1990 369 2052 acaciam
392 1990 493 2071 calpae
515 2011 581 2054 aaa
604 1991 729 2054 abaaat
756 1983 871 2054 uasere
895 2010 1013 2070 mappa
1037 1988 1168 2052 Scilicet
1190 1994 1220 2053 ct

169 2098 259 2159 tanai
275 2118 409 2177 popano
433 2103 605 2178 corruptas
631 2097 737 2162 Osiris
759 2099 813 2161 cfr.
837 2099 920 2174 XIV,
934 2106 985 2173 til,
1009 2097 1142 2173 vss,35‚
1165 2098 1218 2174 VI,
1326 2178 1329 2185 Ι

60 2245 62 2249 ν
170 2207 220 2270 81.
281 2203 457 2287 Subjectum
497 2208 624 2270 duarum
665 2206 882 2291 sententiarum
923 2206 1091 2287 copulative
1131 2206 1220 2288 junc-

169 2315 269 2376 tarum
291 2331 451 2376 commune
474 2315 504 2377 in
527 2315 622 2377 altera
645 2333 723 2395 saepe
747 2315 869 2395 ponitur·
898 2318 929 2376 et
958 2315 1001 2376 ita
1030 2314 1217 2394 plerumque,

123 2478 133 2494 „
169 2424 239 2483 uta
263 2420 353 2484 verbo
375 2439 433 2485 uon
457 2421 631 2486 divellatur:
655 2422 724 2500 Vll,
733 2425 773 2487 63
789 2422 853 2501 Qai
876 2421 966 2484 locas
986 2422 1127 2501 tepente,
1150 2422 1218 2484 aiei

169 2545 268 2608 paam
295 2546 330 2592 se
361 2530 504 2592 coropitae
536 2530 604 2592 solo
634 2528 760 2592 Veuaat
783 2534 812 2592 et
834 2529 975 2592 damiata
1003 2528 1128 2614 Cirrha
1149 2529 1217 2611 Np-

171 2653 278 2717 scepae
299 2635 460 2718 scraptae
481 2637 621 2702 Pectora
643 2641 777 2715 austra;
811 2637 864 2709 Vl,
878 2640 939 2702 248
966 2638 1065 2718 Quem
1087 2637 1217 2720 (palum)

169 2747 266 2806 aaaat
289 2744 434 2808 assiduis
455 2745 593 2809 callibus
613 2745 720 2828 Atpae
743 2764 851 2807 amaea
873 2743 985 2824 implet
1006 2764 1158 2808 cameras

169 2854 348 2927 matrona)
382 2852 435 2916 cfr.
459 2854 592 2933 vilae,
615 2854 650 2926 X,
666 2856 736 2928 287,
759 2851 842 2928 XIV,
858 2856 927 2929 194,
960 2854 1039 2934 quod
1070 2853 1150 2915 idem
1184 2852 1217 2915 in

170 2960 329 3023 sententiis
359 2960 423 3023 siue
446 2961 555 3042 copule
572 2961 687 3042 junctIs
710 2960 807 3024 rarius
829 2959 995 3024 iuvenitur:
1029 2961 1070 3032 ΙΙ,
1083 2963 1123 3024 63
1146 2958 1219 3023 Dat

169 3068 297 3130 acaiara
320 3068 432 3145 corais,
448 3072 544 3130 aeaut
560 3087 698 3135 caesara
709 3067 881 3143 columbas,
893 3068 979 3145 XIII,
991 3072 1048 3133 187
1062 3067 1218 3132 Plurima

162 3173 251 3257 felia
266 3175 456 3238 Paullatim
477 3167 560 3239 uitia
583 3181 678 3259 atpae
700 3196 825 3240 arares
848 3177 938 3239 cauit
959 3195 1076 3251 auiam,
1100 3175 1217 3240 Prima
1327 3224 1334 3245 .

171 3281 260 3346 alocet
281 3287 403 3347 rectam
424 3285 598 3364 sapientia,
622 3287 653 3347 et
675 3303 775 3347 rerum
800 3283 928 3366 subjecti
950 3284 980 3346 in
1005 3283 1100 3347 altero
1120 3284 1224 3386 iuters

170 3391 334 3472 rogatibuis
353 3392 544 3474 disjunctiva
562 3392 698 3455 membro
711 3393 803 3473 positi
815 3393 984 3472 exemplum
998 3395 1081 3455 locus
1092 3393 1217 3473 praebet,

170 3499 221 3579 qui
244 3499 275 3562 in
298 3500 391 3573 satira
412 3499 485 3562 XIV
506 3520 523 3562 a
548 3520 573 3563 v.
602 3505 639 3565 15
661 3499 708 3563 bis
731 3500 830 3563 verbis
853 3501 983 3580 scriptus
1007 3504 1066 3564 est:

188 3741 208 3804 ¹)
231 3739 316 3793 Modo
336 3740 471 3794 hocloco
492 3741 566 3793 etin
587 3745 639 3792 sat.
658 3739 698 3790 III
718 3756 740 3791 v.
756 3742 821 3794 252:
854 3738 922 3797 Quas
945 3749 1008 3789 reato
1031 3742 1118 3790 vertice
1134 3750 1218 3804 portat
1324 3804 1327 3809 .

240 3825 353 3876 Servatus
372 3825 457 3890 infelix
475 3835 497 3874 et
514 3843 585 3874 cursu
606 3825 706 3874 ventilat
732 3825 805 3890 ipnem
834 3825 979 3878 sententiae
999 3825 1133 3882 relativae,
1152 3824 1215 3878 sub.

234 3910 313 3976 jecto
333 3926 388 3962 uon
407 3917 526 3970 mutatos
541 3925 611 3962 nova
630 3909 771 3962 sententie
789 3909 929 3975 particula
949 3909 1216 3975 copulativaitaad-
1305 3978 1311 3991 ἱ

236 3995 371 4062 juugitur,
391 4002 422 4047 ut
439 4009 593 4062 pronomen
611 3993 759 4046 relativum
779 3994 807 4045 iu
826 4009 860 4046 ea
878 4009 932 4046 non
952 3995 1092 4047 audiatur.
1133 3994 1216 4061 Apud

240 4079 384 4160 llirgilium
404 4085 433 4132 et
451 4079 577 4133 Ovidium
604 4079 651 4132 hic
678 4079 811 4143 loquendi
830 4095 897 4132 usus
922 4080 1055 4144 frequens
1075 4085 1133 4143 est3
1160 4094 1217 4133 non

239 4165 313 4232 apud
332 4165 488 4218 Horatium.
