2694 4582
491 1359 540 1439 116
566 1357 673 1440 metri
698 1358 846 1440 ratione.

232 1621 263 1728 J
263 1666 401 1730 uvenalis
439 1667 471 1729 in
504 1666 641 1731 versibus
680 1665 845 1730 scribendis
877 1664 1030 1729 rhetorica
1062 1663 1193 1745 quadam

148 1777 212 1839 arte
235 1793 308 1838 usus
329 1791 450 1837 versum
479 1775 516 1837 ad
544 1793 617 1851 rem,
652 1793 742 1856 quarn
776 1773 906 1855 exponit,
939 1772 983 1835 itu
1014 1771 1192 1853 plerumque

146 1881 362 1961 accommodat,
385 1885 532 1959 atroces,
549 1901 615 1964 quae
633 1881 779 1963 singulari
793 1880 924 1962 pondere
939 1878 1097 1944 efferenda
1112 1879 1192 1952 sunt,

99 1999 103 2005 ’
130 2009 183 2053 61
205 1989 271 2052 1166
293 1993 450 2070 ponantur,
484 1990 532 2053 cui
554 1990 619 2071 ipse
641 2007 745 2052 versus
773 1989 891 2070 pondus
920 1987 1070 2064 attribuit,
1103 1989 1193 2067 atque

146 2116 243 2174 voces,
270 2116 338 2179 quae
360 2097 441 2160 inter
463 2114 495 2160 se
513 2099 718 2178 opponuntur,
745 2096 792 2160 vel
816 2095 924 2177 quibus
947 2095 1043 2159 oratio
1066 2095 1194 2158 eandem

85 2209 89 2217 ’
146 2205 207 2267 vim
241 2206 334 2280 addit,
368 2205 473 2268 eadem
495 2211 600 2269 versus
623 2205 693 2267 sede
716 2204 921 2286 designentur,
954 2206 989 2266 ut
1016 2202 1048 2265 in
1075 2202 1193 2266 ultimis

146 2320 262 2393 quartae
284 2313 385 2375 satirae
407 2312 558 2375 versibus:

233 2462 299 2527 Sed
312 2464 427 2544 periit,
444 2467 624 2544 postquam
647 2465 837 2528 cerdonibus
860 2483 928 2528 esse
950 2463 1112 2527 timendos

236 2570 405 2652 Coeperat,
428 2571 487 2634 hoc
508 2573 620 2636 noceret
641 2571 837 2636 Lamiarum
860 2572 943 2636 ccede
964 2571 1118 2635 madenti.

144 2730 198 2793 efr.
221 2729 257 2807 V,
280 2733 390 2806 51-52,
428 2733 460 2792 et
488 2748 673 2811 quamquam
700 2749 805 2796 versus
829 2732 895 2797 eius
917 2751 935 2794 a
957 2730 1080 2812 Virgilii
1101 2733 1193 2812 atque

144 2837 263 2901 Horatii
299 2837 448 2902 facilitate
483 2841 515 2901 61
546 2842 706 2903 venustate
734 2839 845 2904 abesse
879 2839 1104 2903 eoncedendum
1137 2840 1193 2913 est,

143 2948 248 3008 tamen
281 2948 423 3009 accurata
453 2949 517 3010 arte
546 2945 671 3010 formati
701 2951 733 3010 et
761 2948 799 3010 ad
828 2965 902 3026 rem,
927 2964 1017 3029 quam
1041 2949 1194 3028 promunt,

144 3052 364 3134 depingendam
402 3053 523 3135 egregie
560 3056 777 3118 accommodati
799 3055 952 3137 gravitate
974 3057 1064 3136 atque
1087 3072 1192 3118 sonore

144 3160 295 3224 excellunt
312 3159 490 3242 fontemque
511 3180 601 3224 suum
620 3162 699 3224 clare
711 3162 853 3244 probant:
879 3161 938 3226 »St
948 3166 1072 3225 nutura
1084 3165 1191 3243 nepot,

136 3267 225 3349 fucit
247 3268 432 3349 indignatio
455 3287 584 3331 percura
607 3269 645 3350 (l,
668 3271 756 3352 10);«
792 3271 961 3352 indignatio
990 3270 1072 3333 611111
1094 3273 1194 3352 poetae

143 3376 236 3439 verba
253 3376 380 3440 dictavit
402 3379 493 3457 atque
517 3377 632 3440 sonoris
652 3377 786 3441 versibus
804 3377 958 3442 eainduit.
991 3379 1078 3442 Inest
1099 3378 1193 3442 etiam

142 3483 175 3546 in
197 3484 298 3547 satiris
321 3483 444 3564 aliquid,
468 3485 548 3567 quod
570 3485 686 3566 prodat,
710 3488 840 3566 poetam,
859 3487 1112 3568 quemadmodum
1126 3487 1194 3568 ipso

144 3591 227 3665 dicit,
253 3595 397 3672 tanquam
424 3591 456 3679 in
483 3609 515 3653 re
545 3595 614 3656 ante
637 3593 825 3675 incomperta
847 3596 939 3675 atque
961 3594 1067 3676 ignota
1088 3611 1194 3657 versa·

143 3700 212 3794 tum
235 3718 314 3772 esse;
333 3701 397 3780 jam
418 3697 498 3764 altas
521 3699 721 3780 cogitationes
743 3699 814 3765 altis
830 3700 966 3765 versibus
987 3701 1107 3784 promit,
1123 3701 1192 3783 jam

143 3807 277 3888 pedestri
301 3826 386 3888 paene
410 3807 546 3870 oratione
571 3809 682 3871 nudum
706 3808 815 3872 vitium
839 3808 968 3889 exponit,
998 3811 1065 3892 jam
1093 3813 1193 3892 poetae·

143 3914 299 3997 ingenium
314 3914 422 3997 fulget,
442 3914 506 3996 jam
523 3915 653 3978 rhetoris
668 3916 806 3980 studium
827 3915 956 3998 eminet,
979 3917 1071 3981 verba
1092 3934 1191 3999 neque

144 4022 182 4085 ad
214 4041 318 4086 versus
352 4016 521 4086 currentes
542 4026 574 4086 ot
608 4027 751 4087 venustos
781 4027 888 4106 sponte
918 4042 950 4088 se
972 4025 1188 4106 composuisse,

144 4147 241 4212 neque
264 4129 356 4193 simul
378 4149 446 4193 eum
482 4130 724 4211 cogitationibus,
761 4151 828 4213 quae
861 4133 1062 4214 exprimendae
1092 4134 1188 4204 erant,
