2694 4582
384 271 425 323 De
443 271 578 325 liberiore
599 271 745 349 verborum
764 273 869 338 positu.
1102 275 1141 336 41

104 473 191 540 dedit
217 475 283 540 buc
303 477 478 558 posuitque
505 474 634 538 modum
657 476 880 556 (Heinriclrius‚
903 477 1046 552 laboras,
1069 475 1149 540 Her-

104 605 233 650 maunus
264 584 362 666 priore
393 583 460 648 loro
494 585 564 646 ante
597 604 681 646 uuor
711 584 879 648 incidentes
912 586 969 648 hcc
1003 584 1149 648 substan·

106 694 202 758 tirum
224 692 383 756 sententiae
405 680 556 773 primariae
579 693 757 774 adJurmunt,
779 693 875 756 altero
904 693 996 755 iidem
1018 691 1147 755 modum

106 800 294 866 asententia
316 799 445 863 relativa
467 817 525 862 non
548 799 721 876 divellunt);
755 801 784 862 irr
819 805 875 863 sat.
900 801 1064 866 111er
1085 799 1152 863 Mi-

105 912 202 973 rutur
221 927 327 972 uocem
349 909 534 988 cupustcru,
558 926 622 989 quc
645 907 785 972 deterius
806 907 940 973 uecIlle
961 911 1067 984 secut,
1090 927 1150 991 quo

105 1015 270 1081 mordetur
294 1013 425 1096 pullluu
446 1016 564 1077 murelo
590 1034 695 1080 ornnes
718 1018 837 1080 codices
859 1017 1053 1081 consentiunt
1075 1018 1152 1098 (Ru-

106 1125 221 1208 pertius
243 1127 297 1187 aut
331 1143 401 1206 ‘quc
422 1122 564 1186 deterius
586 1144 642 1186 uec
663 1123 735 1187 Illu
756 1128 861 1200 souut,
897 1144 967 1207 qrcce
987 1125 1153 1189 mordetur

105 1224 250 1316 yullluu·
265 1232 385 1294 umrlto
418 1234 471 1294 aut
493 1230 558 1295 Ille
589 1236 694 1307 souul,
730 1233 783 1295 cul
815 1233 980 1296 mordetur
1014 1232 1152 1314 pallium

108 1341 248 1404 maritus
268 1342 323 1404 aut
342 1338 409 1402 Ille
429 1343 535 1414 souct,
560 1341 612 1402 cur'
630 1340 795 1410 mordetur
815 1339 944 1422 pcllluc
966 1321 1085 1404 murelo
1108 1341 1153 1403 le-

108 1449 238 1532 gendum
268 1465 334 1510 esse
367 1450 479 1527 censet,
514 1466 580 1529 quac
615 1449 724 1512 ultima
750 1449 840 1512 lectio
870 1449 907 1512 ob
943 1449 1058 1513 Horatii
1084 1448 1154 1524 Illc',

103 1536 232 1636 sculpta
264 1555 381 1638 qulbus
413 1555 576 1620 comoedia
602 1558 720 1636 prisca
752 1558 835 1619 ulrc's
867 1556 1047 1620 Heinricbio
1080 1557 1155 1620 mire

109 1664 230 1746 placet),
259 1665 310 1727 sed
338 1664 367 1726 in
392 1669 449 1727 sat.
472 1664 516 1727 XI
539 1684 565 1730 x.
589 1668 644 1729 85:
678 1664 855 1728 Accedeute
876 1684 970 1740 uoco,
1004 1665 1035 1727 si
1057 1684 1154 1747 ouum

110 1770 210 1836 dudm
231 1769 347 1847 leostc‘c,
370 1791 469 1835 carue
482 1776 514 1835 ct
535 1771 566 1834 in
588 1773 725 1835 sath.
739 1776 815 1836 254:
843 1773 971 1853 Quaerit
993 1773 1033 1836 ub
1057 1773 1154 1847 cucur,

114 1879 270 1962 Quisquis
292 1879 384 1943 adest
404 1880 512 1944 soclus
535 1880 651 1944 codices
675 1881 854 1960 scripturam
881 1881 1015 1944 variant:
1046 1900 1157 1955 carue,

110 1986 217 2065 soclo;
249 2006 387 2065 caruem,
419 1989 537 2051 socius.
575 1989 681 2079 ⁴Codex
703 1989 890 2052 Pithoeanus
925 1989 1017 2052 habet
1050 2008 1157 2068 carue,

110 2095 237 2174 socius,·
260 2096 356 2158 maior
377 2096 522 2160 bonorum
546 2097 683 2159 codicum
706 2115 775 2177 pars
791 2116 929 2171 caruem,
948 2097 1065 2161 soclus.
1100 2095 1158 2160 00·

111 2203 171 2267 dici
205 2203 369 2266 Pithoeanc
402 2203 667 2284 obtemperandum
703 2223 769 2267 esse
802 2205 934 2276 videtur,
979 2207 1044 2268 brec
1077 2204 1159 2268 euim
1257 2284 1260 2293 Ι

114 2311 251 2392 exempla
271 2311 363 2374 unius
385 2312 504 2393 generis
528 2331 587 2375 non
608 2315 688 2376 sunt.
732 2313 891 2377 luvenalis
913 2313 1067 2376 notionem
1089 2312 1160 2375 sub-
1205 2350 1207 2354 »

113 2419 238 2483 stautiri
259 2419 351 2482 etiarn
374 2419 523 2501 adjectivo
546 2420 595 2482 val
617 2420 777 2501 participio
805 2421 903 2501 posito
926 2440 979 2501 per
1000 2421 1158 2484 relativam

114 2526 162 2590 rel
184 2525 275 2591 aliam
297 2526 596 2590 circumlocutionem
617 2528 662 2590 ita
684 2528 850 2609 exprimere
867 2532 963 2596 amat.
987 2533 1022 2592 ut
1037 2531 1159 2591 senten·

114 2635 189 2699 tiam
211 2634 365 2719 adjungat,
388 2653 456 2716 quae
479 2654 546 2698 eam
561 2636 743 2699 substantivi
755 2636 921 2714 notionem,
944 2636 1160 2717 quaeaddenda

115 2743 171 2815 est,
205 2761 262 2805 non
295 2742 391 2805 solum
427 2743 588 2817 contineat,
623 2744 675 2805 sed
706 2744 818 2807 certius
849 2744 940 2807 etiam
964 2743 1091 2806 deliniat
1112 2741 1162 2805 vel

115 2847 164 2912 eui
186 2848 388 2912 condicionem
411 2853 567 2914 annectat:
589 2852 625 2921 X,
641 2855 703 2917 210
725 2852 815 2914 Num
842 2871 912 2934 cuce
935 2853 1089 2914 cuuluute
1110 2867 1161 2911 uc-

116 2954 235 3036 luptus‚
269 2956 321 3020 Su'l
351 2957 423 3022 licet
445 2959 584 3022 eximius
607 2958 812 3023 cltburcedus
834 2961 916 3022 sltce
940 2958 1094 3023 Seleucus
1117 2955 1163 3018 Et

115 3063 232 3148 qulbus
264 3069 385 3129 aurula
412 3086 481 3129 mos
513 3071 561 3131 est
585 3066 718 3149 fulpere
748 3067 882 3132 lucerua
904 3074 975 3149 (quc
997 3066 1063 3130 loco
1085 3065 1163 3130 lab-

118 3171 196 3254 nius,
220 3191 310 3254 quern
320 3173 669 3256 Hermannussoquitur,
693 3195 728 3239 ex
751 3176 880 3258 quinque
902 3173 1063 3250 codicibus,
1085 3173 1164 3236 inter

119 3297 193 3360 quos
214 3281 304 3344 codex
319 3283 505 3347 Pithoeanus
528 3288 583 3361 est,
606 3303 660 3367 pro
675 3284 880 3348 citharoedus
902 3284 933 3346 in
956 3284 1041 3346 textu
1063 3280 1165 3361 posuit

120 3386 309 3462 citharoedo,
333 3392 412 3473 quod
435 3391 507 3454 ferr-i
528 3412 587 3458 non
609 3396 719 3475 potest.
744 3411 813 3455 narn
836 3392 879 3455 sic
901 3408 989 3455 voces
1010 3390 1092 3452 siloe
1110 3387 1164 3452 Se-

121 3492 228 3560 leucus
250 3498 349 3563 verbis
371 3498 425 3563 Sul
447 3499 519 3564 licet
541 3502 679 3566 eaerulus
700 3501 779 3563 male
808 3500 1023 3581 adjunguntur,
1059 3514 1164 3576 neque,

121 3603 148 3667 si
167 3623 220 3686 pro
235 3606 316 3670 siloe
328 3607 610 3685 substituturum,
634 3627 699 3689 quae
722 3608 872 3690 particula
892 3607 924 3669 in
948 3605 1003 3668 tali
1020 3605 1165 3686 junctura

121 3713 198 3794 apud
219 3714 398 3779 Juvenalem
424 3734 480 3780 nen
503 3718 664 3792 invenitur,
688 3716 770 3780 locus
783 3716 969 3788 emendatur,
992 3712 1052 3775 nisi
1065 3730 1164 3774 emen·

122 3821 260 3886 delicati
283 3821 435 3887 Seleucus
457 3843 574 3907 quoque
594 3808 765 3889 extenditur
787 3828 819 3886 et
843 3821 972 3886 Seleuco
997 3818 1163 3897 scribitur),

122 3945 178 4011 quo
208 3949 305 4013 genus
334 3933 486 4014 quoddam
518 3932 707 3997 attractionis
740 3931 843 4007 oritur,
878 3934 909 3992 et
942 3930 986 3991 sic
1020 3925 1167 4008 posterior

121 4035 204 4103 locus
226 4039 417 4122 accipiendus
440 4046 501 4107 est:
524 4041 556 4104 in
580 4041 675 4122 priore
699 4039 834 4121 exemplo
857 4036 1054 4119 adjectivum,
1089 4032 1167 4113 quod

122 4151 169 4211 est
188 4167 282 4224 uouu,
315 4149 462 4231 singulari
496 4149 524 4212 vi
559 4149 591 4211 in
625 4167 738 4212 caesura
773 4147 917 4227 positum,
951 4143 1003 4206 ubi
1027 4158 1114 4205 voces
1136 4139 1168 4202 sl
