2694 4582
187 275 251 339 208
538 269 580 320 De
602 240 762 320 mutatione¹
774 266 892 319 numeri.

189 479 222 538 et
243 474 276 536 in
298 473 392 537 satira
413 472 469 546 XI,
492 488 551 552 quo
573 469 639 534 ioco
662 471 851 533 decoctorem
874 468 1002 533 nobilem
1034 490 1069 534 ex
1091 470 1165 533 urbe
1188 469 1239 531 fu-

189 581 325 663 gientem
347 579 499 653 describit,
523 597 541 640 a
563 597 590 640 v.
614 579 655 642 52
677 577 744 639 hae
766 576 938 658 subjungit:

275 729 342 794 Ille
365 729 458 794 dolor
479 728 570 793 solus
587 729 740 810 putrium
754 727 971 811 fugientibua
994 728 1056 792 iiic

276 837 448 901 Moe-stitia
471 841 527 912 eci,
551 837 704 900 carcesae
729 855 816 899 cuno
840 836 1037 900 circensibus
1057 853 1132 899 uuo.

278 943 462 1033 Sanguinis
484 946 521 1007 c'n
535 943 627 1027 facie
648 963 715 1030 nou
737 943 836 1006 bearet
856 945 961 1024 putta,
984 945 1156 1005 morantur

281 1052 386 1115 Poa'cc'
407 1049 587 1114 retiaculum
602 1050 784 1134 fugientem
807 1069 845 1112 cu
867 1049 945 1113 urbe
960 1048 1129 1129 pudorem.

195 1221 331 1284 Verbum
343 1221 480 1300 coutc‘pe't
503 1222 533 1282 et
554 1218 844 1282 locutioucocstc'te'u
866 1221 922 1292 est,
944 1218 1053 1298 quibus
1074 1215 1244 1279 infinitivus

195 1328 343 1391 caruisse
366 1327 413 1389 bis
436 1325 511 1389 locis
534 1326 670 1400 additur,
705 1324 852 1388 eiusmodi
880 1328 968 1398 suni,
1003 1324 1112 1405 quibus
1135 1322 1173 1385 ab
1194 1341 1244 1384 ar·-

196 1437 316 1517 gcnteae
361 1433 461 1496 aetatis
504 1432 715 1513 scriptoribus,
759 1431 897 1512 quamvis
936 1430 1077 1495 infinitivi
1113 1447 1247 1510 praesens

196 1545 319 1624 tempus
353 1540 437 1602 nullo
473 1540 536 1601 fere
568 1538 798 1619 significationis
832 1537 1005 1600 discrimine
1038 1538 1076 1601 iis
1108 1537 1247 1612 addatur,

197 1647 340 1710 infinitivi
362 1647 532 1727 perfectum
555 1647 678 1727 tempus
706 1645 750 1707 ita
772 1645 968 1726 subjunctum
989 1644 1182 1716 inveniam,
1211 1645 1248 1705 ut

114 1748 117 1754 ’
198 1753 347 1839 praeteriti
368 1753 517 1833 temporis
531 1753 791 1816 notioremaneat.
827 1752 969 1833 inpriore
992 1750 1071 1814 enim
1093 1750 1160 1813 loco
1182 1751 1247 1812 sta-

198 1863 248 1924 tus
261 1859 372 1923 mutati
387 1860 511 1939 (insulae
537 1859 664 1936 relictae)
688 1858 868 1939 significatio
890 1858 923 1921 in
943 1857 1092 1921 infinitivo
1103 1857 1192 1928 inest,
1216 1859 1249 1919 et

197 1968 230 2030 in
246 1968 350 2043 altero,
377 1984 467 2047 quem
479 1966 643 2046 Rupertius
668 1965 712 2028 sic
735 1966 871 2028 enarrat:
899 1967 973 2029 »hoc
995 1966 1113 2028 tantum
1137 1962 1248 2038 dolent,

203 2074 283 2155 quod
306 2072 492 2153 aliquamdiu
516 2070 710 2134 Circensibus
733 2074 865 2147 carent«,
888 2074 978 2153 poeta
1000 2091 1068 2147 non,
1091 2071 1169 2150 quod
1184 2070 1249 2132 Ru-

201 2179 292 2262 pertii
313 2179 405 2242 verba
428 2178 572 2252 indicant,
596 2179 632 2240 de
658 2177 813 2241 moestitia
835 2177 1173 2259 postfugamloquitur,
1196 2176 1250 2239 sed

200 2287 300 2368 ipsam
322 2287 445 2366 fugam,
480 2285 558 2365 quod
582 2289 743 2365 sequentes
765 2303 870 2348 versus
893 2286 967 2348 satis
990 2285 1157 2358 declarant,
1185 2289 1248 2346 tam

201 2391 365 2455 manifesto
380 2391 533 2472 exprimit,
556 2396 591 2454 ut
612 2392 712 2473 ipsum
736 2391 902 2473 fugientem
927 2393 1114 2456 decoctorem
1130 2389 1251 2453 exurbe

204 2499 408 2580 egredientem
434 2500 605 2579 nequedum
623 2503 710 2579 porta
721 2517 877 2579 egressum
894 2499 1058 2562 videamur.
1096 2497 1253 2561 Caruisse

202 2606 253 2669 hic
268 2624 326 2668 non
338 2605 383 2669 ita
395 2622 448 2685 pro
472 2625 514 2679 eo,
539 2608 618 2686 quod
640 2609 687 2669 est
710 2624 827 2681 carcre,
850 2605 980 2686 ponitur,
1003 2609 1039 2669 ut
1059 2606 1131 2669 huic
1156 2605 1252 2668 futuri

202 2713 346 2793 temporis
369 2711 453 2775 notio
475 2713 583 2794 subjici
605 2713 711 2792 possit.
756 2713 792 2774 In
814 2713 880 2793 ipso
902 2714 1022 2776 carendi
1044 2713 1148 2790 verbo,
1171 2711 1252 2793 quod

203 2838 238 2882 ex
269 2818 428 2882 Iuvenalis
461 2818 535 2881 locis
569 2799 641 2882 solis
676 2820 751 2882 satis
787 2820 903 2896 elucet,
940 2821 1048 2902 duplex
1071 2817 1253 2900 significatio

204 2927 301 2989 inest:
334 2927 388 2988 aut
421 2927 540 2987 statum
574 2926 706 3007 aliquem
739 2925 937 2988 desiderantis
968 2929 1022 2989 aut
1049 2929 1130 2991 statu
1153 2926 1254 3004 aliquo

205 3032 366 3114 gaudentis
389 3036 452 3111 est3
476 3033 621 3108 debono,
644 3032 723 3113 quod
742 3032 938 3106 desideratur,
962 3031 1096 3097 hislocis
1119 3033 1254 3115 positum

206 3139 377 3202 invonitur:
407 3138 473 3214 ΙΙΙ,
508 3142 549 3204 56
577 3137 679 3201 Cerco
710 3157 840 3216 comum
874 3140 904 3214 I,
920 3142 968 3204 ,59
994 3138 1114 3203 Carere
1146 3157 1253 3212 seusu,

207 3245 295 3317 Vlll,
320 3247 341 3310 5
357 3244 478 3307 Statua
494 3263 609 3307 eureus
621 3264 712 3319 aueo,
725 3247 761 3308 de
774 3245 864 3325 malo,
889 3264 946 3325 quo
959 3247 1026 3327 quis
1038 3245 1115 3309 iiber
1127 3249 1182 3325 est,
1194 3245 1256 3309 his:

206 3351 251 3424 X,
275 3353 315 3415 37
341 3350 483 3413 Animus
514 3352 629 3414 mortis
660 3355 781 3416 terrore
804 3371 933 3430 curcua,
965 3351 1058 3426 XIII,
1084 3355 1142 3418 157
1166 3351 1256 3415 Mor·

182 3457 259 3534 ‚bis
282 3457 407 3520 carebis
430 3461 460 3520 ct
482 3456 616 3539 effupc'cs
639 3457 760 3522 luctum
783 3458 917 3534 cirilli,
940 3461 990 3536 57,
1012 3457 1097 3536 XIV,
1120 3462 1171 3526 60.
1193 3459 1255 3522 Ru·

208 3564 324 3644 pertius
339 3581 408 3625 cum
420 3564 642 3627 recentioribus
654 3565 870 3646 interpretibus
881 3566 911 3628 in
926 3566 1023 3647 priore
1037 3567 1173 3648 exemplo
1185 3567 1258 3631 alte·

208 3688 284 3743 ram,
302 3669 335 3732 in
347 3669 441 3731 altero
456 3670 585 3750 priorem
605 3671 862 3753 significationem
880 3673 970 3736 verbo
989 3672 1135 3754 subjicere
1154 3673 1258 3737 viden-

201 3779 273 3865 tur.
299 3775 558 3852 Quemadmodum
573 3781 673 3840 autem
686 3777 718 3840 in
726 3777 823 3859 priore
830 3779 954 3842 verbum
966 3780 1112 3843 curatore
1123 3781 1159 3842 de
1167 3779 1258 3857 malo,

212 3900 271 3963 quo
285 3881 353 3962 quis
366 3880 513 3945 liberatus
525 3887 581 3952 est,
604 3884 735 3964 ponitur,
759 3899 898 3961 etvoces,
921 3890 1090 3965 quaesunt:
1114 3887 1260 3950 caruisse

212 3988 362 4068 Serapiou,
387 3989 470 4052 idem
492 3979 662 4054 necessario
684 3991 787 4055 valent
808 3994 898 4072 atque
911 3991 1043 4073 Serqobc'
1064 3993 1161 4057 cnidio
1184 3992 1261 4057 iibe-

211 4097 294 4175 rari,
319 4097 362 4160 sic
374 4096 407 4158 in
419 4095 515 4160 altero
528 4097 617 4159 bomo
629 4097 749 4179 fugiens
765 4102 845 4162 certe
861 4106 985 4176 moeret,
1009 4103 1088 4180 quod
1099 4103 1132 4165 in
1147 4120 1182 4166 eo
1204 4105 1260 4178 est,
