2686 4596
178 275 238 338 102
499 272 541 323 De
561 272 709 338 particulis
730 272 908 339 copulativis.

174 474 303 559 phialas,
336 474 499 537 Heliadum
529 479 647 538 crustas
677 477 707 538 et
734 475 902 556 inaequales
932 477 1064 558 beryllos
1085 478 1115 540 h.
1140 496 1164 542 e.
1188 498 1224 543 ex

174 581 336 644 Heliadum
362 582 472 644 crustis
495 584 526 644 et
548 582 751 663 inaequahbus
781 583 905 664 beryllis
938 584 1084 658 edictas«
1123 585 1224 671 accipi

174 706 233 752 non
257 691 369 772 potest,
400 707 469 752 nam
493 689 519 751 si
542 693 632 772 poeta
655 690 699 753 sic
721 689 852 772 scripsit,
883 690 972 754 verba
995 693 1083 754 modo
1104 691 1149 756 ita
1172 711 1224 756 er-

175 796 284 880 plicari
307 799 443 876 possunt,
466 800 501 859 ut
523 816 557 858 ex
582 797 678 860 forma
715 797 795 877 »ipse
819 813 945 877 capaces
967 797 1131 861 Heliadum
1152 818 1222 862 cru·

174 906 237 967 stas
260 905 291 965 et
312 903 477 984 inaequales
499 903 631 985 beryllos
655 906 748 978 tenet,
773 904 860 966 Virro
883 907 968 967 tenet
981 904 1119 985 phialas«
1135 905 1224 970 cuius

171 1010 314 1091 loquendi
349 1011 453 1072 formae
488 1028 541 1091 pro
575 1010 706 1091 simplici
740 1011 911 1092 copulativa
939 1011 1087 1093 jungendi
1125 1012 1222 1076 forma

172 1118 348 1181 substitutae
372 1117 510 1200 exempla
532 1117 646 1201 passim
672 1122 840 1190 occurmnt,
865 1136 932 1181 eam
956 1122 1052 1182 ortam
1075 1137 1144 1182 esse
1161 1122 1221 1183 sta-

174 1229 306 1301 tuamus,
342 1226 419 1305 quod
449 1224 487 1287 ob
509 1224 691 1287 insolentem
712 1224 824 1309 prioris
847 1224 932 1287 verbi
955 1224 1151 1288 omissionem
1171 1225 1221 1289 vix

170 1333 268 1396 statui
302 1333 414 1416 potest.
470 1331 673 1410 Quaerendum
707 1334 755 1394 est
787 1332 857 1393 ante
892 1331 1009 1406 omnia,
1046 1335 1150 1396 utrum
1185 1352 1220 1396 ex

171 1442 330 1520 poetarum
353 1439 494 1520 loquendi
529 1458 587 1501 usu
617 1438 698 1501 notio
732 1437 872 1518 adjectivi
905 1437 1085 1518 inrequietis
1106 1438 1221 1523 phialae

172 1565 210 1610 an
234 1547 358 1628 beryllis
381 1545 636 1609 accommodatior
659 1545 708 1621 sit,
732 1563 822 1625 qnam
839 1545 1035 1625 quaestionem
1055 1531 1221 1628 Rupertius

159 1654 214 1717 sic
237 1654 401 1737 dijudicare
425 1655 571 1724 conatusr
606 1651 736 1736 »phialae
769 1671 822 1714 cur
843 1652 1008 1733 inaequales
1032 1652 1149 1734 beryllo
1172 1654 1219 1717 di-

174 1765 288 1835 cantur,
322 1760 507 1842 intelligitur
540 1759 618 1823 forte
647 1778 681 1822 ex
711 1759 791 1822 Plin.
814 1759 909 1834 XXX,
934 1763 962 1836 7,
986 1765 1021 1824 ὃς
1063 1760 1220 1824 Poliuntur

170 1867 281 1948 berylli
315 1868 412 1948 figura
445 1866 625 1947 sexangula,
659 1865 804 1946 qnoniam
838 1866 1012 1943 hebescunt,
1047 1868 1105 1930 nisi
1138 1868 1220 1931 color

171 1976 280 2036 surdus
303 1993 484 2059 repercussu
507 1972 689 2055 angulorum
712 1972 865 2035 excitetur.
901 1973 989 2048 aliter
1025 1974 1106 2037 enim
1128 1974 1217 2058 polit'

170 2100 230 2143 non
251 2081 364 2145 hubent
386 2081 536 2162 fulgorem
560 2080 700 2156 eundem,
723 2079 782 2142 nisi
805 2083 931 2160 praestat
953 2081 1106 2144 sententio
1119 2081 1217 2144 Gran·

171 2188 238 2268 gaci,
262 2189 312 2268 qui
336 2187 453 2268 pocula,
476 2188 506 2249 in
531 2183 639 2268 quibus
662 2186 770 2250 inserti
793 2185 902 2267 berylli
924 2187 1070 2268 inaequali
1092 2205 1218 2252 numero

169 2296 216 2356 vel
239 2293 341 2378 spatio
363 2296 410 2358 vel
434 2295 651 2376 magnitudine,
675 2297 729 2356 ant
751 2294 888 2370 aliorum,
913 2297 963 2374 qui
980 2313 1088 2358 aureos
1108 2288 1236 2359 calices

170 2402 294 2465 insertis
316 2402 432 2486 lapillis
455 2420 578 2486 asperos
602 2401 806 2482 intelligunt«
826 2401 905 2463 nihil
927 2401 1081 2483 dijudicat.
1126 2403 1218 2483 Apud

171 2509 347 2583 Horatium,
387 2529 456 2572 riam
490 2510 568 2590 apud
602 2509 785 2572 Juvenalem
823 2509 1006 2590 adjectivum
1040 2509 1218 2590 inaequalis

168 2617 258 2680 modo
279 2617 338 2680 boc
370 2617 435 2680 loco
469 2618 631 2693 invenitur,
666 2617 723 2679 hoc
754 2616 941 2696 adjectivum
964 2615 1096 2696 primum
1119 2616 1155 2679 de
1178 2617 1217 2680 iis

167 2724 299 2807 ponitur,
338 2744 404 2806 qua
439 2723 649 2806 magnitudine
682 2721 824 2803 inaequali
858 2726 929 2785 sunt
961 2725 1031 2800 (sat.
1054 2722 1079 2798 I,
1105 2726 1134 2800 6,
1157 2727 1214 2790 68:

167 2831 354 2912 Iaceqeroles
376 2833 478 2894 siccut
500 2830 640 2912 colesea),
664 2829 820 2892 deindede
836 2829 884 2905 iis,
907 2848 974 2910 quae
988 2835 1096 2915 suapte
1109 2835 1218 2920 natura

167 2938 324 3002 instabilia
347 2942 418 3001 sunt
441 2938 511 3019 (sat.
534 2939 575 3017 II,
600 2941 628 3014 l,
655 2940 707 3001 lO:
750 2935 840 2999 Vixit
870 2936 1055 3017 inaequalis,
1089 2937 1217 3002 cloacam

166 3049 204 3108 at
225 3049 367 3109 mutaret
389 3046 426 3108 in
448 3045 572 3121 bovas),
597 3043 726 3124 denique
743 3043 779 3105 de
791 3042 836 3116 iis,
862 3062 929 3124 quaa
941 3045 1056 3126 aliquid
1066 3045 1215 3127 inaequale

166 3154 296 3216 reddunt
320 3153 391 3234 (od.
416 3153 456 3224 ll,
479 3155 509 3229 9,
532 3155 551 3218 3
574 3150 761 3231 Iaaeqaolea
776 3151 949 3230 procellam
971 3153 1065 3234 Epist.
1093 3158 1118 3227 l,
1134 3158 1160 3229 l,
1173 3156 1214 3218 94

165 3259 349 3340 Inceqaolis
368 3261 506 3342 tonsor).
552 3260 667 3322 Phialae
689 3259 856 3340 inaequales
879 3263 952 3322 sunt
973 3260 1069 3341 igitur
1092 3279 1125 3323 ex
1150 3260 1214 3324 eius

163 3367 306 3448 loquendi
328 3387 387 3431 usu
408 3367 520 3448 phialae
542 3367 684 3448 inaequali
708 3385 864 3430 mensura:
903 3367 1072 3448 inaequales
1094 3368 1212 3450 berylli,

165 3475 190 3538 si
220 3494 289 3538 eum
323 3475 435 3558 phialae
469 3475 591 3538 notione
621 3478 803 3556 junguntur,
839 3475 957 3554 berylli,
991 3475 1043 3555 qui
1077 3475 1213 3559 phialam

164 3580 345 3663 inaequalem
375 3583 512 3656 reddunt,
548 3601 614 3664 quae
648 3583 731 3646 notio
764 3581 835 3644 huic
868 3581 933 3646 loco
966 3583 1124 3664 aptissima
1158 3587 1214 3660 est,

167 3694 198 3752 et
220 3689 374 3753 notionem
397 3690 523 3753 effectus
546 3691 668 3753 adrem
693 3689 875 3752 efficientem
900 3690 944 3752 ita
976 3689 1144 3766 transferri,
1177 3693 1214 3755 ut

164 3796 357 3877 adjectivum,
381 3797 461 3878 qnod
484 3798 628 3861 effectum
649 3797 771 3873 indicet,
795 3796 986 3861 substantivo
1003 3796 1146 3861 efficienti
1162 3799 1212 3862 ad·

159 3903 318 3985 jungatur,
342 3905 626 3990 apndJuvenalem.
651 3908 686 3968 ut
701 3907 783 3989 apud
796 3907 913 3968 ceteros
931 3907 1048 3988 poetas,
1070 3906 1211 3987 frequens

164 4012 221 4076 est.
268 4011 426 4096 Scriptura
449 4013 561 4076 codicis
587 4012 753 4092 Pithoeani,
777 4030 844 4092 quae
867 4031 919 4094 pro
936 4011 1076 4092 pleiadas
1097 4014 1211 4078 substi-

165 4117 360 4198 tnilpbialo,
385 4136 565 4200 quamquam
581 4117 679 4196 verba,
702 4138 768 4200 quae
783 4122 854 4182 sunt
865 4120 1044 4200 inaequales
1060 4121 1208 4204 beryllos,
