2694 4582
589 1195 775 1288 Praelatio.

240 1461 427 1568 »Neminem
458 1522 524 1568 esse
557 1503 687 1568 arbitror
714 1523 749 1567 ex
775 1504 823 1584 iis,
857 1503 909 1585 qui
936 1501 968 1566 in
996 1501 1198 1584 scriptoribus

151 1624 268 1688 Latinis
289 1623 426 1705 legendis
449 1624 560 1686 versati
583 1626 663 1696 sunt,
692 1623 744 1704 qui
765 1622 894 1705 ignoret,
930 1623 1080 1704 quantum
1103 1625 1199 1687 restet

148 1762 246 1825 operae
268 1743 301 1805 in
322 1741 481 1806 Juvenalis
504 1715 606 1806 satiris
628 1736 782 1824 pone'ndae,
806 1760 901 1823 quum
916 1743 1039 1823 propter
1058 1743 1195 1822 ipsarum

147 1862 370 1944 difficultatem,
394 1863 460 1924 tum
476 1862 553 1942 quod
570 1862 673 1925 adeas
696 1861 878 1925 enarrandas
901 1879 957 1924 nec
979 1859 1072 1924 multi
1093 1879 1196 1924 acces·

148 1983 254 2044 serunt
275 1999 331 2044 nec
353 1980 428 2043 satis
450 1979 584 2062 plerique
607 1981 750 2044 instructi
773 1979 812 2042 ad
838 1997 906 2044 eam
927 1954 994 2042 rem
1016 1980 1193 2061 agendam«

148 2099 206 2163 His
228 2099 336 2172 verbio,
360 2117 426 2180 quae
448 2099 479 2162 in
491 2100 640 2183 Madvigii
659 2101 696 2163 de
710 2099 785 2164 locis
800 2098 917 2180 aliquot
927 2098 1086 2163 Juvenalis
1100 2099 1198 2162 inter-

146 2219 301 2300 pretandis
334 2218 537 2299 disputatione
571 2223 687 2301 (opusc.
722 2218 805 2282 acad.
836 2218 861 2281 Ι.
892 2237 920 2299 p.
954 2218 1009 2300 30)
1042 2218 1195 2299 legrmtur,

148 2340 254 2400 auctor
283 2339 320 2401 ad
348 2356 468 2419 operam
496 2339 529 2400 in
562 2338 664 2402 satiris
696 2340 793 2419 poetae
816 2336 984 2418 ponendam
1008 2337 1194 2420 adhortatur,

148 2455 257 2518 iisdem
290 2475 364 2518 are
394 2457 585 2537 suscipienda
610 2458 750 2530 deterret,
788 2456 857 2538 quis
883 2455 965 2518 enim
991 2455 1196 2537 disputatione
1250 2512 1252 2516 ,

146 2574 201 2638 1111
227 2575 307 2638 lecta
328 2576 365 2639 ad
389 2594 456 2639 eam
478 2594 541 2639 rem
565 2576 715 2658 agendam
737 2594 769 2638 se
800 2574 876 2638 satis
903 2574 1090 2638 instructum
1108 2575 1193 2657 judi-

145 2694 251 2758 cabit?
295 2695 345 2758 Ad
377 2713 439 2758 rern
473 2695 569 2777 igitur
601 2695 755 2771 accedens,
788 2711 838 2756 me
873 2710 942 2756 eam
974 2693 1020 2756 ita
1052 2695 1191 2775 expedire

145 2832 243 2896 posse,
266 2819 301 2877 ut
322 2814 480 2896 perspicua
509 2833 544 2878 ac
565 2813 730 2877 manifesta
751 2812 862 2895 ubique
885 2830 1073 2894 exponerem,
1095 2832 1194 2896 neque

145 2935 264 3016 speravi
286 2952 391 3014 neque,
414 2953 467 2997 our
488 2952 650 3014 sperarem,
673 2932 775 3003 habui,
799 2933 852 2996 sed
868 2951 962 3014 quum
978 2932 1015 2994 ad
1030 2932 1194 2997 satirarum

145 3054 307 3135 scriptores
330 3052 430 3117 studio
453 3070 572 3134 semper
592 3053 730 3116 traherer
751 3054 783 3115 et
797 3052 945 3132 putarem,
968 3068 1017 3113 me
1029 3052 1067 3114 ad
1079 3051 1194 3134 aliquot

144 3171 235 3242 locos,
259 3173 310 3253 qui
332 3174 386 3235 aut
406 3190 514 3253 parum
536 3171 687 3235 intellecti
709 3174 762 3234 aut
784 3188 841 3234 non
866 3169 941 3234 satis
961 3170 1117 3252 perspicue
1140 3191 1191 3236 ex-

144 3292 249 3374 plicati
273 3293 383 3365 essent,
405 3290 601 3354 illustrandos
624 3288 737 3371 aliquid
761 3288 896 3353 conferre
918 3307 1015 3371 posse,
1039 3311 1057 3354 a
1080 3295 1190 3356 conatu

144 3429 201 3473 non
215 3410 378 3474 deterritus
390 3409 549 3474 Juvenalis
570 3408 710 3490 loquendi
734 3427 822 3503 usum
845 3409 890 3472 ita
912 3409 1043 3490 exposui,
1066 3413 1102 3474 ut
1124 3430 1190 3493 quae

144 3529 250 3615 eodem
270 3528 457 3609 pertinerent
478 3528 511 3590 in
532 3546 627 3591 unum
649 3525 816 3591 conferrem
836 3526 979 3610 locosque
995 3528 1190 3605 difficiliores,

142 3648 176 3710 in
199 3647 307 3729 quibus
330 3647 503 3712 enarrandis
526 3647 564 3710 ab
586 3645 802 3728 interpretibus
832 3646 1027 3724 discederem,
1062 3649 1189 3731 subjun-

143 3787 219 3850 gens
240 3786 294 3849 per
315 3766 445 3848 vestigia
466 3765 627 3830 verborum
655 3765 692 3828 ad
715 3783 819 3828 veram
841 3766 1061 3830 enarrationem
1083 3786 1190 3849 perve-

142 3887 207 3949 nire
230 3904 362 3960 conarer,
396 3886 440 3949 sic
468 3885 549 3949 enim
579 3903 627 3947 me
657 3902 761 3948 eorum
792 3885 941 3950 erroribus
971 3886 1102 3951 liberum
1124 3886 1188 3952 fore

141 4005 264 4084 credidi,
287 4006 338 4087 qui
360 4006 481 4086 poetam
503 4004 546 4067 ita
568 4003 762 4086 interpretari
790 4005 865 4068 mihi
887 4006 1070 4086 viderentur,
1093 4011 1128 4074 ut
1149 4012 1189 4076 ad

987 4118 999 4166 1
