2686 4596
198 289 240 352 95
517 285 560 338 De
579 285 728 352 particulis
751 285 930 352 copulativis.

200 491 322 570 ntegros
345 487 440 554 fuisse
463 489 547 563 dicit,
571 489 688 562 deinde,
715 491 853 570 tempore
880 485 1014 565 definito,
1036 505 1156 552 morum
1179 487 1249 553 sim

199 595 287 677 plioit
287 595 347 660 atis
370 596 604 677 descriptionem
628 595 672 658 sic
695 613 751 658 oon
753 595 904 669 tinuatu
906 594 1053 676 ttperfec
1054 614 1106 658 um
1128 597 1251 678 tempus

200 703 414 784 imperfectum
436 705 608 784 praecedens
631 701 774 782 excipiat:
802 700 1005 782 Improbitos
1026 701 1066 765 aa
1067 722 1084 766 o
1100 701 1174 786 fuit
1161 703 1251 766 tad

199 809 363 873 mirabilis
386 817 513 886 ceoo(v
487 813 599 888 vbi).
633 809 745 872 Eadem
770 811 818 872 est
839 809 931 872 huius
953 809 1011 873 loci
1034 810 1163 884 ratio‚e
1165 811 1249 874 tdi·

200 919 261 981 stin
264 918 363 981 ctione
397 935 538 981 versuum
572 919 691 980 mutata
729 916 831 980 onmia
870 918 954 980 recta
992 919 1090 980 erunt.
1150 917 1252 981 Verba

203 1025 310 1105 Quam
333 1028 504 1089 tremerent
526 1027 714 1103 autemsqq.
738 1015 953 1105 superioribus,
978 1043 1036 1087 non
1060 1025 1251 1107 subsequen·

199 1133 293 1209 tibus,
316 1133 601 1214 adjungendasunt,
625 1150 696 1194 nam
721 1134 850 1213 t,empus
874 1149 932 1212 quo
955 1135 1075 1212 eoquat
1075 1151 1169 1195 orum
1192 1131 1252 1195 ola'-

201 1241 275 1320 qais
297 1239 367 1303 ibat
355 1243 439 1302 t·cer
441 1239 502 1302 tius
525 1239 723 1313 definiente
725 1239 916 1302 taverbie:
938 1239 1104 1303 Nemoiat
1105 1257 1252 1304 crearas

218 1348 352 1411 tserc'o
381 1346 476 1409 docti
463 1344 746 1409 tbobeadam-
770 1347 806 1408 od
828 1365 881 1427 per
885 1347 945 1410 lieo
945 1366 996 1409 um
1020 1347 1105 1411 verbi
1128 1348 1252 1429 tempus

200 1454 418 1519 attendendum
433 1456 529 1517 est—
490 1471 653 1516 —morunr
667 1453 809 1534 descript'
800 1473 830 1516 to
787 1449 1036 1517 tcontinuatur
1037 1453 1252 1536 quamobrem

200 1567 269 1644 post
302 1561 442 1644 lipooem
475 1572 513 1636 (v.
486 1562 592 1640 vet)
623 1564 777 1627 commate
811 1563 843 1624 et
874 1563 944 1641 post
976 1561 1101 1625 timeret
1130 1561 1173 1642 (v.
1195 1561 1251 1643 92)

200 1672 314 1751 puncto
336 1670 531 1733 incidendum
548 1671 603 1731 est.
581 1666 771 1730 tPluralis
787 1667 879 1744 verbi
899 1669 980 1749 quod
1002 1671 1049 1732 est
1071 1671 1251 1746 Mnesterem

203 1795 348 1840 numerus
370 1795 458 1840 voces
481 1793 665 1856 praegressas
677 1773 802 1853 aliquio
812 1774 883 1838 ibat
897 1775 999 1856 paullo
1014 1775 1118 1839 durius
1131 1775 1251 1857 excipit,

201 1885 233 1946 et
255 1883 406 1963 scriptura
417 1881 479 1944 atta·
490 1901 543 1963 pro
557 1885 665 1944 uatem
678 1882 849 1946 emendatio
871 1884 919 1945 est
942 1881 1058 1946 librarii
1079 1882 1251 1965 subjeetum

201 1989 410 2068 desiderantis,
435 1989 515 2070 quod
536 2006 624 2052 voces
647 2006 753 2051 versus
776 1988 1081 2054 cantitabamus
1103 1989 1253 2053 definiunt

202 2096 326 2178 (aliquis
358 2096 431 2172 ibat,
465 2115 559 2177 quum
592 2098 775 2175 tremerent3
811 2114 899 2158 nemo
933 2078 1018 2159 duxit
1040 2145 1068 2159 ..
1092 2096 1145 2160 sed
1173 2095 1251 2160 ruris

201 2204 316 2266 alumni
339 2203 507 2273 ludebant).
553 2202 703 2281 Quoniam
720 2204 824 2266 autem
846 2203 928 2267 hunc
950 2204 1051 2267 locum
1072 2205 1251 2280 tractamus,

202 2310 293 2373 aliam
315 2307 555 2385 ultimi'versus
589 2312 682 2391 atque
711 2314 874 2384 enarretur,
908 2310 1162 2392 significationem
1185 2328 1251 2375 esse

202 2417 389 2481 crediderim.
434 2416 472 2479 In
505 2417 611 2490 fronte,
647 2418 796 2480 anteriore
826 2420 921 2498 parte,
956 2405 1029 2480 lecti
1051 2421 1143 2499 caput
1164 2416 1252 2482 aselli

104 2608 107 2613 ι
204 2524 339 2588 coronati
362 2527 427 2588 arte
449 2523 517 2586 turdi
542 2561 579 2570 -
604 2524 649 2587 sio
672 2520 752 2586 enim
775 2524 968 2606 adjectivum,
999 2525 1077 2606 quod
1104 2523 1152 2588 est
1177 2523 1251 2603 cite,

201 2632 410 2713 accipiendum
435 2635 483 2695 est
507 2668 541 2677 -
568 2632 759 2712 exsculptum
781 2633 855 2704 erat,
880 2631 965 2695 cuius
988 2631 1082 2695 moris
1103 2631 1187 2714 origo
1216 2650 1251 2697 ex

201 2739 318 2821 Hygini
351 2739 455 2803 fabula
475 2738 603 2802 LXXIV
625 2739 717 2820 vulgo
750 2738 880 2819 petitur:
922 2737 1057 2819 »antiqui
1090 2739 1187 2802 nostri
1219 2739 1251 2803 in

201 2847 290 2911 lectis
313 2845 534 2910 tricliniaribus
556 2844 588 2907 in
611 2844 717 2907 fulcris
734 2844 834 2924 capita
855 2844 1017 2909 asellorum
1037 2844 1100 2908 vite
1122 2845 1252 2928 alligata

202 2954 383 3029 habuerunt,
406 2953 485 3033 quod
508 2951 667 3032 pampinos
680 2952 991 3032 praerodendopotare
1014 2952 1093 3014 vites
1116 2947 1252 3017 docuerit

201 3065 291 3142 atque
304 3060 423 3124 itavini
442 3057 623 3122 suavitatem
635 3058 814 3136 invenerit«,
835 3075 926 3138 quam
938 3057 1251 3123 Heinriehiusautam

202 3167 239 3230 de
263 3170 403 3231 coronato
416 3167 518 3230 Vestae
541 3165 634 3228 asello
657 3165 788 3228 deducit.
823 3165 896 3229 Jam
918 3170 1007 3246 poeta
1028 3183 1149 3229 versum
1170 3167 1251 3230 hune

202 3274 376 3355 subjungit:
409 3272 466 3335 Ad
487 3270 574 3353 qaod
595 3270 711 3334 lascivi
735 3270 890 3335 ludebant
911 3273 1002 3336 raris
1024 3271 1159 3348 elamat,
1184 3291 1251 3355 quae

201 3380 293 3443 verba
315 3379 512 3442 Heinrichius
545 3379 590 3442 sic
623 3392 755 3442 enarrat:
803 3379 870 3442 »oui
902 3379 1086 3456 alludebant,
1120 3397 1251 3460 quocum

198 3486 379 3567 jocabantur
401 3485 507 3549 rustici
530 3486 625 3566 pueri,
648 3505 756 3561 verna,
786 3486 916 3567 juvenes
940 3488 972 3549 et
993 3485 1149 3569 simplices
1171 3487 1251 3552 ruris

200 3593 289 3673 servi,
323 3611 382 3655 non
415 3593 529 3673 compti
558 3597 648 3674 atque
680 3592 768 3655 nitidi
791 3593 965 3673 posterioris
987 3592 1132 3674 temporis
1155 3594 1250 3668 servi3

201 3702 290 3764 vetus
312 3698 504 3763 scholiastes:
529 3699 636 3763 rustici
657 3699 798 3764 infantes.
826 3699 938 3762 Maleo
973 3699 1139 3780 Rupertius
1162 3717 1251 3763 enar·

155 3849 158 3854 -
201 3806 350 3870 rationem
373 3805 546 3870 scholiastae
568 3806 703 3870 laudans*
718 3805 848 3870 lascivos
870 3805 949 3868 ruris
966 3805 1104 3870 alumnos
1120 3806 1251 3872 rusticos

201 3913 334 3976 infantes
356 3912 512 3994 intelligit.
554 3912 640 3976 Unde
663 3914 729 3976 haeo
752 3911 990 3976 enarratioorta
1013 3912 1062 3984 sit,
1085 3912 1175 3975 facile
1198 3912 1250 3976 de·

201 4021 373 4083 monstratu
396 4021 452 4083 est.
497 4021 587 4101 Apud
607 4018 784 4083 Suetonium
807 4019 857 4100 (de
880 4018 1006 4082 Claudio
1028 4018 1161 4098 XXXII)
1182 4037 1251 4082 nar·

201 4128 299 4189 ratur:
337 4125 517 4190 »adhibebat
546 4126 629 4190 omni
652 4143 751 4189 coenae
773 4129 805 4188 et
827 4126 938 4189 liberos
961 4143 1032 4190 suos
1055 4144 1125 4188 oum
1139 4125 1251 4206 ¹pueris
