2686 4596
461 258 505 310 De
523 258 672 325 particulis
690 256 870 324 copulatiris.
1147 258 1189 322 85

141 462 350 544 subjecturum
372 462 478 536 fuisse,
510 462 536 524 si
565 461 631 524 eius
652 461 797 542 loquendi
819 480 909 524 usum
932 463 1081 539 tenemus,
1104 458 1189 523 nullo

141 570 232 633 modo
254 569 350 632 stetui
372 571 483 650 potest
538 569 627 632 Alter
659 568 744 631 loeus
776 572 825 631 est
856 568 889 630 in
917 567 1018 630 satirae
1040 565 1140 629 tertiae
1163 586 1192 632 v,

141 679 220 743 309:
246 677 320 757 Quo
333 675 476 758 fornace
495 695 622 756 orarias,
645 696 712 755 qua
733 695 801 738 non
821 673 939 738 incude
961 672 1108 736 eateooe?
1140 673 1192 737 ubi

140 784 264 864 negatio
285 783 324 846 ab
346 785 443 847 altero
464 783 602 846 membro
624 785 662 846 ad
684 785 769 864 prius
798 782 967 845 rovorando
993 784 1049 844 est.
1103 782 1192 844 Inso-

140 890 314 955 lentissima
347 894 395 954 ast
428 892 495 954 haee
526 891 673 971 loquendi
702 890 809 963 forma,
843 907 975 970 quaeum
996 888 1193 952 Heinriohius

140 998 230 1061 modo
262 997 352 1060 illum
387 998 600 1061 nonnullorum
635 999 795 1079 poetarum
827 1015 919 1059 usum
952 985 1089 1058 conferri
1103 1013 1193 1076 posse

141 1104 226 1184 dicit„
249 1104 331 1185 quod
357 1105 586 1186 praepositiones
617 1104 651 1166 in
683 1104 779 1166 altaro
805 1103 943 1166 membro
964 1102 1117 1165 interdum
1138 1120 1193 1183 po·
1226 1110 1228 1114 '

139 1214 263 1287 uantur,
286 1212 339 1293 qui
362 1231 437 1274 usus
459 1229 557 1292 neque
580 1210 660 1292 apud
679 1209 863 1274 Juvenalem
889 1228 1018 1292 usquam
1040 1209 1193 1272 invenitur

48 1387 50 1390 Α
140 1336 238 1399 neque
272 1337 337 1382 rem
369 1319 505 1401 attingit
539 1320 601 1397 sed,
645 1335 740 1398 quum
772 1316 957 1395 adjectivum
987 1317 1130 1397 (aravos)
1159 1315 1193 1378 in

140 1424 238 1488 altero
259 1426 406 1505 membro,
429 1425 656 1489 substantivum
685 1426 830 1501 (eotenae)
864 1424 897 1487 in
929 1423 1025 1486 altero
1058 1422 1193 1503 positum

27 1618 31 1626 ι
141 1531 191 1604 sit,
215 1551 282 1612 quae
306 1533 481 1596 distributio
503 1533 582 1612 apud
603 1534 710 1612 poetas
732 1530 1047 1612 frequentissimaest
1070 1528 1193 1610 negatio

140 1638 232 1701 verbo
255 1639 400 1720 adjuncta
421 1643 477 1711 est
510 1639 714 1702 illudentem
744 1638 900 1702 omissum.
945 1637 1060 1700 Eadem
1093 1636 1190 1718 igitur

139 1745 285 1825 loquendi
309 1745 406 1809 forma
428 1748 529 1809 exstet
550 1748 643 1826 atque
665 1745 715 1808 his
736 1744 860 1826 Virgilii
882 1744 973 1808 loeis:
995 1744 1074 1807 Aen.
1096 1744 1138 1817 ΙΙ,
1151 1746 1193 1809 55

139 1849 187 1914 Ea
208 1853 241 1913 si
254 1850 335 1934 sota
357 1852 461 1930 deam
483 1853 515 1914 si
535 1871 626 1914 meos
640 1872 706 1915 oon
719 1851 802 1915 loeoa
819 1852 959 1935 fuissem
980 1852 1034 1927 VI,
1046 1855 1088 1916 92
1103 1851 1194 1930 Quos

138 1962 249 2038 oenias
260 1957 386 2022 Italam
409 1963 468 2022 aaut
491 1978 575 2039 quos
597 1962 826 2024 numeraveris
843 1961 950 2034 orbes,
972 1961 1003 2022 in
1028 1960 1139 2039 quibua
1162 1960 1195 2022 et

140 2065 268 2128 verbum
292 2069 324 2129 et
345 2066 467 2148 negatio
490 2068 528 2128 ad
549 2067 634 2147 prius
656 2068 828 2131 membrum
850 2067 1001 2131 audienda
1030 2069 1077 2131 est
1111 2068 1193 2146 (oum

140 2171 190 2234 his
214 2173 360 2254 exemplis
390 2173 493 2236 satirae
514 2173 572 2236 XV
594 2194 621 2236 v.
647 2179 788 2240 lai-172
811 2174 941 2238 conferri
973 2191 1033 2237 non
1067 2173 1193 2236 debent:

143 2278 231 2358 Quid
250 2279 369 2344 diceret
391 2300 475 2361 erae,
516 2279 572 2343 Vel
594 2301 656 2361 quo
687 2302 754 2346 ooo
778 2282 922 2365 suaerat,
957 2282 989 2344 ai
1017 2299 1105 2344 oona
1128 2278 1193 2342 leaeo

140 2391 288 2450 monstro
310 2387 435 2451 videret
457 2378 710 2469 Pythayoros).·
733 2389 930 2452 Heinriehius
952 2389 1054 2452 locum
1075 2387 1193 2451 Plinia-

141 2513 215 2558 num
237 2514 272 2558 ex
294 2495 476 2576 panegyrico
499 2501 537 2570 (e.
560 2495 703 2570 XXXVI)
725 2496 854 2576 profert:
879 2495 997 2574 »Quam
1016 2496 1105 2576 juvat
1127 2513 1193 2558 oer-

140 2619 212 2664 nere
243 2603 383 2664 aerarium
418 2603 512 2666 silens
547 2606 577 2665 et
610 2603 749 2683 quietum
777 2606 809 2665 et
838 2603 926 2683 quale
949 2605 1021 2666 aute
1043 2602 1192 2664 delatores

144 2712 223 2771 erat!
269 2709 360 2772 Nune
382 2710 532 2791 templum
554 2709 641 2786 illud,
675 2729 755 2772 uuna
777 2727 847 2772 vere
870 2709 959 2783 aedes,
993 2727 1060 2771 ooo
1083 2707 1194 2788 spolia·

141 2812 223 2877 rium
245 2815 369 2888 civium,
393 2822 646 2898 cruentorumque
658 2818 830 2897 praedarum
842 2835 956 2880 saevum
968 2813 1194 2896 receptaculum

141 2939 180 2983 oe
196 2921 303 2984 totoio
328 2923 401 3006 orbe
422 2927 569 2988 terrarum
593 2925 691 2986 adhuc
713 2925 798 2988 looua
820 2943 908 2997 unus,
931 2923 962 2985 iu
985 2940 1053 3004 quo,
1077 2920 1192 3002 optimo

141 3027 291 3109 Principe,
315 3028 385 3092 boni
407 3030 497 3093 malis
519 3031 651 3112 impares
674 3037 808 3108 essent«,
837 3049 895 3112 quo
917 3029 983 3094 loeo
1004 3029 1044 3092 ad
1065 3047 1104 3090 oa
1127 3029 1192 3090 toto

141 3135 325 3215 particulam
349 3155 416 3198 ooo
437 3137 620 3200 audiendam
642 3155 708 3201 esse
736 3134 820 3215 dicit,
855 3137 908 3201 sed
941 3157 994 3201 eur
1026 3136 1064 3199 ad
1097 3133 1192 3216 parti·

141 3242 241 3304 aulam
263 3261 463 3325 praegressam
476 3263 537 3323 qoe
550 3248 580 3306 at
602 3244 815 3308 cohaerentiam
840 3245 988 3308 sermonis
1010 3262 1071 3307 non
1092 3245 1192 3308 atten-

141 3347 210 3410 dit?
254 3349 298 3411 Ex
321 3349 462 3412 Martiale
493 3349 595 3414 looum
629 3370 644 3414 a
678 3351 731 3415 lib.
762 3351 855 3433 epigr.
878 3352 924 3415 XI
947 3351 1098 3429 (LXXXI)
1121 3368 1191 3414 eum

140 3453 303 3535 protulisse
325 3457 466 3520 mallem:

254 3606 386 3672 Viribus
408 3608 461 3672 laia
483 3611 574 3690 operi
595 3629 662 3673 ooo
685 3613 740 3686 est,
764 3609 815 3673 laa'e
837 3608 931 3673 odilia
953 3611 1062 3681 eoois,

294 3715 386 3797 Eryo
409 3717 480 3780 aioe
503 3716 615 3799 affecto
631 3717 747 3798 prurit
768 3721 903 3799 uterque
925 3716 1023 3782 locor.

144 3882 194 3946 hio
216 3884 296 3947 enim
318 3884 409 3948 loeus
431 3886 497 3950 loeo
519 3887 677 3953 luvenalis
700 3887 829 3953 similior
852 3891 907 3970 est,
931 3890 989 3952 hoo
1011 3905 1089 3962 vero,
1113 3886 1193 3968 quod

142 3990 361 4072 negligendum
385 4011 446 4057 non
469 3997 526 4072 est,
554 3995 592 4058 ab
614 4012 649 4058 eo
671 3994 818 4070 diversus,
852 3997 936 4076 quod.
959 3997 990 4058 et
1013 3994 1138 4058 verbum
1162 3995 1194 4056 et

143 4097 264 4178 negatio
287 4101 323 4162 ut
344 4100 375 4163 in
405 4102 541 4184 exemplo
562 4102 722 4168 luvenalis
756 4102 795 4168 aa·
820 4103 955 4184 jooeois
986 4100 1091 4166 aetolo
1125 4119 1192 4165 ooo
