2686 4596
473 284 515 337 De
535 283 682 350 particulis
702 283 881 350 copulativis.
1134 283 1194 349 103

141 492 226 553 recte
245 490 360 571 jungit,
392 492 422 550 et
444 487 595 550 ablativus
618 486 739 549 defendi
761 488 871 565 potest,
905 485 1057 549 duriorem
1090 499 1194 549 tamen

140 600 328 660 structuram
364 594 485 658 exhibet
521 612 616 675 neque
649 593 839 660 cohaerentia
863 595 1010 656 sermonis
1033 592 1193 656 satisfacit.

145 705 254 767 Restat
276 704 367 766 tertia
389 701 489 775 lectio,
527 720 617 782 quam
651 705 713 764 tres
736 700 925 764 celeberrimi
947 700 1107 764 luvenalis
1132 701 1192 764 edi·
1293 736 1294 740 =

144 814 226 873 tores
241 810 478 891 amplectuntur:
501 806 682 888 inequales
698 806 818 888 berullo
846 806 941 870 Virro
955 807 1194 887 leneipbiulna

144 935 212 997 quae
236 917 327 980 verba
349 917 438 979 facile
462 920 647 990 enarrantur,
672 917 724 978 sed
747 934 816 979 vera
835 914 985 996 scriptura
996 914 1028 976 in
1040 915 1193 978 codicibus

144 1024 210 1088 sine
233 1024 323 1087 dubio
356 1024 445 1090 inest.
479 1023 529 1103 qui
563 1022 743 1102 inaequales
765 1021 905 1102 beryllos
928 1022 1049 1097 habent,
1083 1041 1191 1102 quam-

145 1131 259 1202 obrem,
297 1131 323 1193 si
344 1131 408 1193 ullo
430 1131 518 1193 modo
541 1130 606 1193 fieri
637 1133 746 1210 potest,
781 1147 817 1192 ea
838 1130 969 1193 tenenda
991 1131 1046 1192 est.
1093 1130 1195 1207 Quum

144 1237 262 1302 codices
286 1237 396 1322 optimi
418 1238 449 1301 in
462 1238 510 1300 his
522 1238 645 1300 vocibus
657 1237 857 1312 consentiant,
880 1237 1194 1318 aliiautempbiulus

139 1344 197 1408 :arii
224 1344 346 1424 pbinln
380 1345 520 1418 habeant,
557 1344 589 1406 in
617 1345 675 1407 hac
710 1361 781 1407 voce
814 1345 958 1406 mendum
993 1345 1088 1408 latere
1110 1350 1192 1426 puto,

144 1469 297 1533 quumque
331 1451 565 1524 substantivum,
600 1453 678 1532 quod
713 1455 760 1514 est
788 1471 907 1513 aurum
931 1451 1002 1525 (libi
1024 1473 1091 1516 uon
1114 1473 1193 1516 corn-

143 1560 290 1622 ncillilur
312 1560 456 1639 nurum),
495 1577 547 1638 pro
570 1557 678 1638 poculo
701 1576 791 1621 aureo
814 1558 879 1621 sine
901 1558 964 1622 ulio
986 1561 1193 1626 additamento

142 1668 276 1748 positum
300 1686 317 1728 a
340 1665 499 1730 luvenalis
524 1665 665 1745 loquendi
700 1685 757 1728 usu
779 1665 913 1728 alienum
938 1665 987 1742 sit,
1011 1667 1082 1747 quia
1102 1672 1192 1749 poeta

144 1776 197 1836 aut
219 1773 412 1855 adjectivum,
437 1791 495 1854 quo
519 1771 699 1834 substantivi
726 1771 882 1835 materiam
896 1773 1097 1855 significantis
1110 1776 1193 1840 notio

143 1880 255 1944 certius
279 1880 423 1943 definitur
447 1879 511 1954 (VI,
542 1882 604 1943 588
627 1877 780 1959 Loupuiu
802 1881 1044 1963 aaronelongus
1071 1884 1193 1962 torques

138 2005 268 2056 aureus:
301 1988 339 2061 X,
375 1990 413 2050 27
448 1985 571 2049 Lutum
606 1987 835 2049 percuratum
872 1987 1014 2065 poculum
1041 1992 1192 2073 aureum),

139 2098 197 2158 aut
218 2095 395 2175 genetivum
417 2095 471 2171 rei,
505 2113 573 2175 quae
597 2112 631 2155 cx
654 2093 783 2156 materia
805 2093 912 2155 effecta
941 2097 995 2168 est,
1029 2095 1085 2159 tali
1119 2098 1191 2161 sub-

142 2201 278 2265 stantivo
301 2201 464 2282 adjungere
488 2199 574 2275 solet,
599 2219 667 2264 eum
691 2200 734 2262 sic
757 2199 917 2283 scripsisse
940 2205 1027 2282 puto:

657 2351 734 2432 Ipse
757 2371 892 2431 capuces

186 2459 365 2524 Heliadum
389 2464 518 2523 crustas
540 2463 570 2522 el
591 2459 773 2538 inaequales
796 2458 935 2540 beryllos

192 2567 287 2631 Virro
312 2571 415 2646 teuel;
431 2567 559 2648 pbialce
582 2568 641 2630 libi
664 2587 729 2630 uou
752 2568 963 2630 committitur
985 2589 1112 2646 aurum,

138 2737 335 2812 Genetivum
359 2737 410 2819 qui
433 2739 471 2801 ad
494 2737 721 2800 substantivum
744 2756 862 2800 versum
884 2736 1027 2801 claudens
1049 2740 1193 2820 pertinet,

128 2844 223 2925 ·-apud
235 2845 255 2908 J
257 2845 415 2908 uveualem
426 2845 457 2908 in
471 2863 585 2908 casura
598 2845 771 2924 frequenter
786 2845 868 2928 poni,
891 2845 958 2926 jam
970 2846 1193 2910 demonstravi-

142 2969 221 3028 mus,
244 2956 275 3015 et
297 2970 376 3015 eum
391 2953 427 3016 ob
450 2951 650 3033 praecedentia
673 2951 765 3014 verba
783 2950 878 3014 Virro
892 2955 976 3015 leuet
994 2952 1025 3014 in
1042 2958 1193 3018 accusati-

139 3077 215 3123 vum
237 3062 388 3123 mutatum
412 3078 487 3135 esse,
512 3058 677 3122 verisimile
700 3059 828 3126 videtur.

230 3166 329 3229 Unum
353 3167 454 3230 locum
476 3165 669 3255 subjungam.
725 3167 762 3229 In
785 3167 877 3230 satira
900 3169 992 3242 seria,
1027 3167 1080 3231 ubi
1102 3171 1191 3250 poeta

138 3291 235 3336 anum
262 3273 454 3337 libidinosam
487 3272 659 3336 describens
688 3292 797 3357 parum
832 3275 977 3337 honestas
1005 3293 1053 3337 res
1084 3293 1193 3356 parum

142 3381 279 3444 honestis
297 3381 395 3444 verbis
407 3384 634 3456 commemorat
658 3399 748 3461 quem
760 3379 871 3456 locum,
895 3381 967 3462 quia
980 3382 1193 3446 vexatissimus

137 3490 199 3561 est,
222 3491 254 3551 et
275 3488 370 3551 oratio
388 3487 492 3550 multis
509 3488 605 3550 modis
622 3487 824 3560 distribuitur,
847 3505 1031 3568 quamquam
1043 3490 1193 3570 quomodo

138 3595 258 3680 optime
281 3598 447 3671 enarretur,
482 3584 607 3658 dubium
641 3613 690 3658 me
713 3613 779 3658 esse
803 3594 907 3668 fateor,
938 3612 997 3658 non
1020 3596 1191 3676 praeteribo,

139 3721 212 3766 av.
240 3705 299 3768 190
322 3702 353 3765 hi
377 3722 481 3766 versus
505 3702 612 3785 scripti
635 3704 722 3764 sunt:

190 3915 414 3981 Coueumbuut
440 3916 558 3982 ornae.
605 3914 718 3978 Dones
741 3919 849 3978 lumea
871 3917 939 3979 islo
954 3915 1087 3996 puellis

191 4023 282 4088 Tuae
304 4026 411 4100 etium,
436 4044 534 4104 quum
556 4025 668 4086 seclus
691 4026 721 4085 el
744 4023 956 4104 oelopesiuaus
979 4042 1089 4085 eunus

79 4134 84 4144 '
184 4129 318 4208 Pulsut,
342 4132 448 4195 adbuc
475 4129 609 4195 Graece?
642 4130 721 4194 Nou
744 4133 792 4194 esi
814 4129 865 4193 bic
886 4149 990 4193 sermo
1007 4128 1152 4210 pudicus
