2694 4582
457 301 500 355 ne
519 301 666 369 particulis
685 301 863 368 copulatius.
1133 303 1173 368 73

134 506 303 570 Nutricem
324 509 355 570 ct
367 505 502 588 flauum,
536 505 589 568 cui
610 505 662 568 det
683 505 849 579 meudula,
875 504 1032 585 puellam,
1067 507 1174 588 copula

135 614 268 688 offendit,
291 614 344 678 sad
365 631 460 695 quum
474 613 552 694 apud
565 612 753 687 iuvenalem,
776 613 828 676 ubi
850 614 880 676 in
903 614 957 677 tali
979 586 1083 678 viuum
1107 631 1173 678 coa·

135 720 304 786 servatione
337 720 453 785 ultimae
488 729 558 795 (non
596 729 782 801 praegressa)
818 721 1022 786 additamento
1061 721 1174 784 certius

135 828 327 906 definiuntur,
360 829 528 910 asyndeton
559 827 591 890 in
624 828 823 909 copulativam
847 828 1022 910 juncturam
1045 829 1175 892 transire

135 936 232 1001 soleat
253 937 321 1003 loir.
343 935 430 1009 XIIL
453 936 600 1010 23-25),
634 935 739 998 eadem
772 936 897 998 sortasse
930 935 1087 1016 particula
1120 953 1174 1016 po-

136 1044 243 1107 nendae
265 1061 373 1107 caussa
393 1042 450 1107 hoc
471 1043 536 1107 loco
559 1042 671 1106 subest.
706 1041 804 1106 Simili
819 1044 907 1106 modo
922 1044 1055 1124 plurium
1077 1062 1174 1106 mem-

134 1150 257 1215 brorum
281 1150 451 1232 copulativa
473 1150 642 1232 corijunctio
663 1150 694 1212 in
717 1150 881 1231 asyndeton
903 1151 1013 1214 transit
1034 1151 1102 1234 (cfr.
1118 1150 1175 1214 XV

134 1258 273 1340 95-96)
299 1257 448 1339 impnmis
470 1256 582 1320 talibus
605 1257 687 1331 locis,
721 1257 829 1338 quibus
863 1257 1020 1321 sententia
1054 1257 1175 1338 copula-

135 1364 198 1428 tive
215 1365 332 1446 junctae
355 1364 514 1443 actionem,
535 1367 695 1446 soquentes
713 1365 870 1427 sententiae
893 1365 1033 1428 ellectum
1049 1363 1176 1428 actionis

108 1482 112 1493 '
134 1471 280 1547 indicant,
302 1475 337 1535 ut
359 1471 390 1534 io
413 1471 507 1534 satira
528 1470 592 1543 XV,
617 1471 668 1534 ubi
690 1490 749 1535 av.
763 1475 803 1536 53
825 1472 890 1534 haec
913 1471 1025 1553 scripta
1047 1477 1132 1535 sunt:

178 1622 267 1688 Deire
289 1623 429 1688 claruere
443 1625 527 1705 puri
550 1608 764 1700 concurritur,
787 1627 817 1687 ct
837 1625 904 1688 cicc
927 1623 982 1687 tcl‘

177 1729 277 1796 Saeuit
298 1730 388 1795 uudo
409 1751 535 1807 uacuus,
552 1751 671 1813 puuccc
693 1739 763 1796 circe
784 1730 915 1795 rutucre
937 1730 1040 1810 uouloe,

182 1837 245 1903 Vre
268 1828 419 1920 cuiquam
441 1844 500 1902 uut
521 1839 610 1902 uuili
705 1859 808 1902 uacus
830 1839 970 1920 Iutcper.
995 1903 1000 1912 ,

67 2064 70 2069 .
134 2007 234 2073 rarius
256 2009 337 2072 idem
360 2009 403 2083 fit,
437 2010 488 2073 ubi
524 2009 651 2092 singulae
685 2005 770 2073 voces
804 2014 1031 2072 enumerantur:
1075 2008 1112 2085 X,
1135 2011 1177 2074 35

134 2114 305 2180 Praetcutcc
328 2120 357 2180 ct
386 2117 515 2192 tradere,
542 2116 662 2199 fascea,
697 2115 816 2188 lectica,
852 2117 1006 2207 tribrruul.
1053 2119 1177 2182 [luobus

135 2242 205 2288 vero
227 2223 274 2287 vel
297 2223 433 2306 pluribus
456 2225 600 2288 membris
623 2224 791 2305 copulative
809 2226 922 2306 junctis
936 2226 1094 2289 Juvenalis
1117 2229 1178 2288 ter·

134 2331 212 2395 dum
235 2331 282 2394 vel
303 2331 444 2394 ultimum
468 2331 532 2395 sine
555 2331 762 2414 conjunctione
779 2333 825 2394 vix
841 2351 975 2414 unquam
991 2333 1049 2396 nisi
1064 2333 1177 2397 talibus

134 2437 210 2503 locis
221 2439 368 2521 adjunxit,
392 2439 484 2520 quibu
500 2439 642 2503 ultimum
654 2441 823 2502 membrum
835 2441 943 2514 omnia,
967 2460 1034 2521 qnae
1047 2442 1082 2502 nd
1096 2441 1176 2504 idem

135 2564 231 2628 genus
259 2546 454 2628 pertinerent,
483 2547 594 2610 addens
616 2547 715 2628 priora
742 2547 1002 2626 complecteretur:
1037 2548 1123 2622 XIII,
1137 2550 1177 2613 82

136 2651 243 2716 Addit
265 2657 295 2717 et
305 2652 484 2717 Herculeos
507 2672 604 2717 arcus
619 2652 986 2733 ductumqucMiucroce,
1014 2654 1181 2734 Quidquid

126 2759 258 2853 ,habeut
280 2759 418 2824 telorum
440 2762 697 2825 urruurueuluriu
720 2760 798 2824 coeli
820 2774 889 2842 (quo
911 2761 975 2825 loco
988 2762 1180 2826 Hermannus

138 2872 240 2932 contra
261 2869 352 2932 metri
378 2868 462 2950 leges
485 2869 514 2931 in
538 2869 597 2932 fine
625 2887 728 2932 versus
750 2874 818 2951 post
839 2869 999 2932 Mlucrroe
1020 2870 1103 2950 ponit
1126 2872 1176 2950 et).

136 2975 265 3040 Exstant
288 2979 369 3039 certe
391 2975 459 3051 locia
485 2977 593 3056 quibus
616 2977 758 3040 ultimum
769 2977 939 3040 membrum
950 2996 1003 3058 per
1014 2981 1180 3058 asyndeton

137 3082 270 3165 positum
295 3101 361 3146 esse
379 3084 523 3156 videatur,
547 3085 597 3147 sed
615 3104 706 3165 quum
719 3086 805 3166 pauci
819 3084 887 3163 sint,
912 3103 962 3148 eos
976 3085 1178 3167 inspiciamus.

136 3190 172 3253 In
194 3190 284 3254 satira
311 3189 423 3272 quinta,
446 3190 498 3254 ubi
520 3209 575 3254 av.
589 3195 630 3256 82
651 3191 682 3254 hi
705 3211 809 3256 versus
831 3193 989 3274 leguntur:

179 3342 306 3424 Aspice,
330 3362 428 3422 quoru
450 3342 544 3424 leupo
568 3343 731 3406 distcudut
746 3349 877 3424 pectore
899 3343 1030 3422 laurera,

183 3449 260 3530 Quae
274 3448 386 3532 fertur
408 3450 535 3514 domiuo
557 3450 689 3530 squillo,
713 3455 742 3515 el
765 3453 880 3532 quitus
899 3453 1042 3533 aridique
1065 3458 1157 3535 scptu

179 3557 375 3639 Aspurupr‘s,
399 3578 464 3638 quo
486 3558 643 3640 despiciat
666 3561 812 3622 couoioiu
835 3560 948 3634 cauda,

138 3726 296 3802 adverto,
321 3746 386 3808 quae
409 3733 481 3792 sunt
507 3733 537 3792 et
564 3729 680 3808 quitus
702 3727 844 3808 crudique
866 3734 959 3811 scptu
981 3730 1178 3811 deprompta,

139 3834 347 3916 conjunctivus
380 3836 461 3898 verbi
495 3837 589 3900 subst.
623 3837 729 3899 modus
762 3838 926 3901 audiendus
960 3856 1017 3901 non
1052 3843 1113 3915 est,
1147 3842 1178 3902 et

138 3957 255 4004 comma
276 3947 344 4022 post
365 3941 551 4025 Aspurupr‘s
572 3943 706 4026 positum
729 3944 903 4018 tollendum,
927 3962 985 4026 quo
1008 3944 1088 4008 facto
1111 3946 1178 4009 dnae

137 4047 295 4112 sententia
328 4050 491 4130 pendentes
521 4052 707 4133 imperativo,
742 4052 794 4133 qui
826 4054 873 4115 est
895 4052 1022 4131 Aspice,
1053 4053 1178 4135 subjun-

110 4214 113 4221 .
137 4158 259 4238 guntur,
282 4160 313 4220 et
333 4158 496 4221 molestum
520 4160 683 4240 asyndeton
706 4158 823 4223 tollitur
838 4157 913 4240 ¹(cfr.
937 4159 989 4237 Vl,
1006 4161 1092 4242 263).
