2694 4582
551 269 593 321 De
613 268 709 335 ellipsi
1099 271 1159 336 145

109 471 350 553 demonstrativi,
374 471 454 553 quod
476 468 659 536 seutentiam
682 469 843 535 relativam
865 471 1032 546 constituit,
1055 470 1159 553 impri-

111 579 171 642 mis
192 579 246 643 ubi
268 580 334 643 haec
356 579 510 642 notionem
533 575 665 641 hominis
687 576 738 639 vel
759 578 834 642 certi
857 578 1014 642 hominum
1037 578 1158 657 generis

109 684 262 766 exprimit,
285 686 377 748 etiam
401 688 472 748 anto
494 683 670 766 genetivum
694 685 725 746 et
742 684 878 748 dativum
900 684 1086 766 pronominis
1108 701 1158 747 re-

109 792 197 856 lativi
219 811 324 855 casum
346 792 464 873 passim
486 789 658 854 omittitur:
692 789 728 865 X,
751 794 794 856 45
830 791 920 854 Tuus
943 809 1068 871 quoque
1089 809 1158 854 ma·

111 901 228 962 teriam
249 899 339 961 risus
352 899 478 961 iurauit
501 896 548 960 aab
563 915 673 960 omues
689 894 852 960 Occursus
867 897 1041 980 bamiuum,
1065 898 1159 962 cuius

102 1005 286 1088 prudeutia
308 1008 484 1079 monstram
508 1004 544 1078 V,
568 1007 610 1070 52
636 1003 709 1066 Tibi
724 1003 849 1083 pocula
871 1023 987 1069 cursor
1008 1004 1161 1070 Gaetulus

110 1112 202 1176 dabit
235 1116 294 1175 aut
315 1112 407 1197 m'yri
427 1129 547 1175 marius
578 1129 672 1174 ossea
693 1109 829 1184 Mauri,
862 1111 908 1174 Et
935 1113 988 1176 cui
1003 1132 1068 1192 per
1094 1131 1159 1176 rrae-

110 1219 201 1282 diam
222 1217 310 1282 uotis
333 1238 500 1282 accurrere
522 1220 666 1295 mactem·
688 1218 879 1282 accusativus
902 1218 1010 1284 deinde
1033 1219 1159 1282 demon-

109 1325 245 1402 strativi,
280 1327 360 1406 qnod
387 1326 418 1387 in
443 1324 595 1388 sententia
624 1324 769 1405 primaria
792 1325 902 1406 obJ'eeti
932 1327 1034 1390 locum
1055 1328 1159 1389 tenere

109 1432 255 1508 debebat,
279 1436 349 1495 ante
373 1431 593 1495 nominativum
616 1431 803 1511 pronominis
826 1432 962 1506 relativi,
985 1434 1017 1495 et
1038 1432 1159 1496 dativus

108 1539 176 1602 eius
199 1557 287 1602 casus
309 1557 363 1620 per
390 1538 606 1602 attractionem
636 1538 787 1618 quandam
817 1542 888 1602 ante
918 1539 1056 1602 dativum
1077 1539 1158 1602 rela-

108 1645 165 1709 tivi
189 1645 290 1708 omitti
312 1648 426 1726 potest:
461 1644 515 1720 XI,
538 1647 580 1710 24
607 1643 812 1724 Despiciam,
842 1645 899 1724 qui
933 1647 1011 1724 scit,
1037 1648 1157 1726 quauta

13 1807 16 1810 Δ
108 1751 281 1815 sublimior
296 1750 396 1813 Atlas
420 1749 576 1815 Omnibus
594 1752 632 1814 iu
648 1751 756 1831 Libya
776 1751 821 1813 sit
836 1753 1018 1830 mautibus;
1040 1753 1077 1830 Χ,
1095 1755 1158 1818 329

109 1857 217 1941 Ebiya
242 1857 399 1938 quidnam
422 1857 634 1921 Suadeudum
657 1877 725 1921 esse
740 1861 847 1938 putes,
871 1860 924 1921 cui
945 1859 1065 1924 uubere
1092 1857 1158 1922 Ooe·

109 1966 199 2028 saris
219 1984 302 2028 uuor
314 1963 471 2028 Destinat
483 1965 586 2045 (modo
599 1967 656 2028 lroe
677 1967 745 2029 loco
757 1966 1015 2046 lraeepronominis
1033 1965 1158 2029 omissio

109 2072 288 2148 invenitur),
319 2075 350 2135 et
376 2071 408 2134 in
430 2074 485 2136 sat.
511 2072 584 2134 XIV
613 2091 640 2135 v.
663 2074 726 2137 298
749 2071 816 2135 Sea
836 2073 930 2135 euius
959 2073 1043 2135 votis
1064 2071 1158 2135 modo

109 2198 176 2242 mou
199 2177 371 2260 suffecerat
393 2198 528 2246 aurum,
562 2178 707 2259 Fripida
728 2178 891 2262 sufficient
919 2179 1064 2243 celantes
1086 2180 1157 2260 iup-

108 2285 188 2348 aiua
204 2286 316 2364 paraui
337 2286 456 2349 dativus
485 2286 671 2366 pronominis
700 2287 932 2351 demonstrativi
961 2289 1031 2350 ante
1059 2304 1155 2368 gene·

109 2391 207 2455 tivum
240 2391 427 2475 pronominis
460 2391 580 2454 relativi
622 2393 753 2455 omissus
792 2396 855 2459 est.
903 2393 983 2474 quod
1015 2392 1156 2473 loquendi

108 2517 206 2580 genus
238 2498 283 2562 ita
318 2497 458 2578 explicari
492 2500 609 2578 potest,
638 2499 674 2560 ut
707 2499 801 2561 cuius
833 2500 917 2563 rotis
951 2499 1032 2561 idem
1066 2501 1157 2579 atque

109 2605 246 2668 dativum
267 2623 403 2686 personae
426 2604 559 2684 optantis
581 2603 681 2667 valere
704 2604 850 2668 dicamus.
903 2605 961 2668 Ubi
984 2615 1088 2669 autem
1108 2625 1158 2668 ao-

109 2711 268 2785 ,eusativus
285 2710 405 2774 relativi
428 2710 611 2772 sententiam
634 2729 835 2791 praegressam
849 2712 975 2786 inducit,
998 2712 1158 2776 Juvenalis

114 2818 323 2881 accusativum
345 2817 592 2893 demonstrativi,
626 2818 706 2898 quod
740 2818 893 2899 objectum
921 2822 968 2882 est
997 2818 1157 2882 sententiae

90 2905 282 3005 ¹sequentia,
319 2942 468 3004 nusquam
499 2923 643 3002 omisit1).
687 2924 724 2986 In
747 2924 840 2987 satira
863 2928 979 3000 octava,
1018 2925 1070 2988 ubi
1092 2925 1158 2988 haee

112 3030 226 3111 scripta
248 3033 319 3094 sunt
341 3033 372 3107 (a
395 3050 421 3092 v.
448 3030 537 3112 135):

200 3147 345 3227 Quodsi
360 3148 565 3228 praecpitem
587 3149 679 3227 rapit
701 3148 842 3212 ambitus
865 3153 962 3228 atque
984 3147 1094 3225 libide,

197 3253 236 3317 aa·
250 3254 388 3336 fraudis
409 3255 523 3336 rirpas
544 3256 707 3318 sociorum
726 3256 764 3318 iu
785 3257 953 3338 saupoiue,

137 3456 158 3521 ¹)
176 3455 323 3523 Horatius,
344 3457 391 3522 qui
410 3465 440 3510 ut
457 3459 605 3512 iuvenalis
624 3464 687 3510 ante
707 3457 829 3511 dativum
845 3459 957 3511 relativi
978 3459 1099 3512 dativum
1111 3459 1157 3512 de·

179 3541 356 3593 monstrativi
376 3542 494 3609 omittit,
522 3543 670 3595 relativum
691 3547 785 3594 autem
804 3542 1025 3596 demonstrativo
1046 3557 1158 3610 semper

179 3625 339 3690 anteponit:
365 3625 424 3678 Sat.
442 3626 464 3692 I,
483 3631 507 3692 d,
529 3627 562 3682 43
580 3626 702 3691 Imperium
721 3626 761 3675 cai
776 3627 807 3675 sit
826 3666 832 3678 .
852 3667 858 3678 .
879 3667 885 3679 .
914 3627 955 3677 des
973 3628 1072 3677 nominis
1090 3628 1158 3678 buius

179 3708 288 3758 tanmem
307 3708 357 3760 cfr.
376 3709 469 3775 Epist.
488 3711 512 3776 l,
537 3711 578 3775 18,
598 3711 646 3774 3t3
674 3713 699 3775 b,
718 3711 759 3775 53,
778 3709 826 3762 ubi
846 3711 1026 3764 aecusativus
1044 3711 1157 3764 relativi

179 3791 374 3858 praemittitur,
399 3794 589 3846 accusativum
616 3793 828 3845 demonstrativi
856 3795 897 3858 (et
922 3793 970 3846 ubi
999 3795 1157 3862 subjectum

179 3875 325 3941 utriusque
340 3878 488 3930 sententiae
498 3877 573 3929 idem
592 3885 635 3929 est
653 3883 682 3928 et
699 3876 747 3927 ubi
766 3880 900 3941 mutatur)
919 3877 1018 3930 crebro
1038 3879 1159 3932 omittit:

180 3960 215 4012 A.
234 3960 264 4012 P.
283 3964 333 4016 475
361 3961 434 4018 Quem
457 3981 512 4011 vcro
529 3962 642 4027 arripuit,
661 3970 721 4010 tenet
738 3961 865 4024 occiditque
883 3962 988 4028 dependo,
1007 3961 1101 4028 Epist.
1120 3962 1158 4028 Il,

179 4046 204 4106 1,
225 4046 273 4099 178
291 4045 376 4102 ‘Quem
395 4044 448 4094 tulit
465 4047 500 4095 ad
522 4063 615 4095 scenam
632 4054 725 4095 ventoso
742 4044 821 4110 pluria
838 4063 917 4111 curru,
934 4046 1069 4096 Examinat
1084 4047 1158 4097 katus

179 4138 297 4192 spectator
316 4128 366 4181 cfr.
386 4128 480 4196 Epist.
500 4130 522 4195 I,
543 4131 583 4193 17,
604 4131 652 4194 263
671 4129 712 4194 18,
731 4131 771 4183 25.
