2694 4582
403 283 446 336 De
464 281 601 336 liberiore
619 281 767 336 verborum
784 282 892 350 positu.
1132 285 1175 350 55

122 486 283 564 invenitur,
316 487 367 570 qui
400 505 439 551 ne
471 501 523 550 eas
555 486 676 568 quidem
709 485 921 562 enormitates,
955 507 1023 570 quae
1053 489 1111 552 boo
1140 490 1173 553 in

123 613 235 678 genere
258 595 338 677 apud
359 595 506 677 pedestris
529 594 673 658 orationis
685 598 805 658 autores
820 594 1021 675 reperiuntur,
1032 593 1172 661 imitatus

121 704 180 766 eet.
202 702 352 767 Videmus
372 702 477 785 igitur,
499 701 681 768 Juvenulem
704 701 876 782 apriorum
899 706 1056 783 poetarum
1080 704 1170 768 liber·

121 813 186 876 tute
207 811 317 892 procul,
341 809 456 884 abesse,
491 813 523 873 et
544 809 715 873 liberiorem
737 808 954 890 particularum
976 811 1111 892 positum
1132 814 1170 877 ub

87 925 92 933 “
117 917 382 983 illis'udhibitum
408 918 487 999 apud
512 935 583 980 eum
609 917 749 999 angustis
770 916 882 980 finibus
904 917 1168 1001 circumscriptum

126 1022 201 1100 esse,
224 1025 331 1090 sedin
354 1025 510 1101 eomodo,
533 1043 591 1106 quo
613 1023 777 1106 particulae
800 1024 894 1106 ponit,
917 1044 1035 1107 qnoque
1064 1046 1116 1091 ees
1137 1028 1168 1091 iu

118 1152 208 1198 uersu
230 1133 397 1210 distribuit,
430 1134 512 1196 inest
540 1132 692 1195 rhetorice
723 1151 782 1209 ers,
816 1152 883 1215 quae
906 1152 1013 1197 vocum
1036 1135 1168 1216 pondere

121 1239 305 1323 ponderibus
317 1241 425 1323 pedum
443 1257 641 1322 compensans
653 1239 758 1313 efficit,
780 1244 816 1304 ut
837 1241 885 1304 vel
907 1242 1168 1324 summopondere

119 1349 285 1412 efferuntur
306 1347 357 1411 vel
378 1348 508 1411 aliarum
528 1367 637 1412 vocum
659 1349 789 1429 pondere
811 1351 968 1430 tamquam
990 1349 1167 1414 absorbean-

119 1454 295 1538 tunquam
323 1455 568 1519 distributionem
599 1456 701 1519 studio
732 1473 792 1518 non
825 1455 909 1519 eesui
941 1456 1167 1521 attribuendam

118 1581 195 1639 esse,
218 1565 288 1628 inde
311 1567 445 1646 apparet,
478 1565 567 1646 quod,
600 1563 651 1627 ubi
674 1563 745 1626 telis
767 1580 824 1626 vox
844 1563 876 1626 in
899 1565 1058 1627 sententies
1079 1564 1167 1629 initio

118 1672 189 1754 poni
225 1671 312 1748 solet,
345 1690 443 1752 neque
477 1690 582 1734 versus
615 1670 692 1734 ratio
727 1671 875 1753 prohibet,
909 1671 1070 1752 quominus
1099 1690 1166 1735 eum

11 1824 15 1831 -
117 1779 220 1842 eedem
241 1783 352 1851 teneat,
375 1779 551 1842 insitorum
574 1779 676 1860 potius
699 1779 803 1841 sedem
824 1778 1009 1841 transfertur
1023 1797 1114 1860 quem
1130 1788 1164 1844 ut

118 1888 235 1950 minore
258 1887 389 1968 pondere
411 1887 563 1951 efferetur.
593 1887 692 1949 Etiam
716 1886 767 1949 ubi
790 1885 876 1967 plura
899 1886 1036 1950 membre
1058 1889 1163 1952 eadem

39 2080 41 2086 Ι
116 1994 268 2076 partiente
292 1995 475 2077 junguntur,
508 1997 599 2076 poeta
619 1993 785 2076 particulas
807 1993 853 2056 ite
873 2012 983 2075 ponere
1005 1998 1097 2070 emat,
1129 2000 1165 2060 nt

116 2102 198 2165 idem
222 2103 338 2184 pondus
360 2102 398 2165 iis
420 2103 556 2166 addetur.
612 2102 661 2164 Ad
688 2102 770 2164 huno
791 2105 889 2183 poetae
911 2120 1010 2178 usum,
1044 2103 1115 2184 quie
1137 2104 1164 2167 is·

116 2227 236 2292 quoque
269 2211 307 2273 ud
321 2246 327 2258 ·
341 2210 424 2274 locos
456 2210 618 2273 nonnullos
650 2209 847 2273 illustrandos
879 2208 994 2290 aliquid
1027 2211 1163 2274 conferre

113 2320 225 2400 potest,
248 2318 468 2382 attendendum
491 2321 547 2394 est,
580 2322 620 2392 et,
655 2317 799 2399 qnoniam
826 2336 875 2380 res
903 2321 1016 2394 monet,
1051 2319 1162 2395 locum,

114 2425 168 2508 qui
191 2425 370 2490 documento
404 2444 471 2489 esse
503 2425 609 2507 possit,
643 2426 835 2507 subjungam.
890 2425 928 2488 In
961 2424 1054 2489 satira
1086 2445 1165 2490 nona

113 2536 214 2616 poeta,
236 2539 398 2615 postquam
420 2533 458 2597 ab
480 2534 528 2596 bis
550 2533 650 2596 verbis
663 2535 801 2614 (v.l39):
827 2531 964 2612 Quaado
987 2553 1044 2614 epo
1058 2534 1163 2618 fipam

113 2640 249 2726 aliquid,
283 2661 344 2725 quo
366 2642 411 2705 se't
433 2640 514 2703 mibi
536 2644 608 2703 tuta
630 2643 776 2704 reuectus
797 2639 829 2702 A
852 2643 951 2721 repete
973 2643 1003 2704 et
1025 2641 1162 2707 baculo?

111 2749 276 2814 Naevolum
299 2767 336 2814 ea
357 2754 428 2813 vote
450 2752 637 2831 promentem
659 2748 835 2824 introduxit,
858 2767 925 2830 quoe
940 2750 1161 2829 puaperiviro

115 2858 255 2921 sufficere
277 2857 362 2938 dicit,
395 2874 521 2938 quaeque
551 2862 638 2920 sunt:
666 2856 777 2939 viginti
799 2855 885 2919 milia
906 2855 1004 2938 fenus,
1039 2857 1161 2921 vascula

113 2965 182 3047 puri
206 2968 298 3046 etque
320 2964 409 3028 solidi
431 2965 559 3047 urgenti,
590 2965 649 3028 duo
671 2965 765 3029 fortes
787 2965 875 3039 servi,
908 2983 1017 3028 curvus
1039 2965 1162 3029 eeelutor

114 3075 146 3136 et
168 3073 255 3145 alter,
277 3071 330 3154 qui
351 3072 465 3136 multas
490 3072 581 3136 iaeies
603 3072 664 3136 oito
686 3073 802 3154 pinget,
825 3074 891 3136 bueo
912 3072 998 3136 addit
1020 3072 1160 3154 (ardep

673 3223 851 3310 Sufficiunt
872 3223 947 3300 brea,

159 3329 296 3410 Quaado
319 3351 376 3413 epo
391 3351 524 3412 pauper
545 3353 608 3396 ero.
652 3331 768 3396 Votum
789 3331 982 3414 miserabile,
1005 3352 1063 3397 nee
1084 3351 1159 3414 epee

155 3438 222 3502 Hie
243 3437 377 3517 saltora·
397 3460 475 3502 uara
498 3460 595 3523 paura
610 3461 676 3521 pro
698 3460 748 3504 rae
769 3440 922 3504 Fortuna
944 3444 1115 3522 reputor..

111 3628 180 3692 qnae
200 3609 295 3673 verba
320 3609 365 3673 sio
393 3614 580 3688 enarrentur,
614 3616 649 3674 ut
672 3609 816 3675 Naevolus
841 3610 900 3675 hoo
933 3611 1028 3675 dieat:
1063 3608 1158 3695 Saffi-

111 3717 203 3781 aaut
235 3717 315 3792 brea,
355 3717 484 3800 woodo
515 3719 783 3800 (quandoquidem)
814 3738 947 3799 pauper
980 3738 1043 3783 ero.
1098 3716 1156 3782 Sed

109 3825 211 3903 verbe,
232 3845 300 3908 qnae
322 3833 491 3908 sequnntur
511 3830 632 3902 (uotam
658 3825 864 3903 mesenate),
898 3826 969 3909 quie
991 3825 1156 3908 singularis

109 3932 271 3998 verborum
293 3953 438 3998 numerus
460 3935 497 3998 ed
520 3937 650 4016 quatuor
672 3935 790 3999 Naevoii
811 3938 881 3999 vote
910 3934 985 3998 dure
1017 3933 1155 4007 retertur,

109 4045 216 4106 votum
238 4060 449 4124 praegressum,
484 4043 565 4124 qnod
594 4042 715 4123 singule
736 4042 861 4106 retain
883 4060 977 4105 unum
1000 4046 1153 4122 temonem

109 4148 283 4224 contulerit,
304 4149 618 4233 requirerevidentur,
642 4153 673 4215 et
687 4169 741 4233 pro
757 4149 898 4232 presenti
910 4152 1055 4232 tempore,
1077 4149 1156 4230 quod
