2694 4582
198 264 258 327 160
639 260 680 311 De
701 259 806 327 ellipsi.

194 462 256 526 bati
297 462 328 524 in
363 463 410 527 his
440 462 578 527 versibus
610 463 710 527 inesse
749 463 904 537 viderunt,
941 466 973 527 et
1005 463 1111 527 mullis
1145 463 1243 527 modis

195 568 296 633 locum
321 570 482 634 emendare
505 571 607 634 1011111
630 573 710 634 sunt.
755 570 920 652 Rupertius
942 589 1047 635 versus
1073 571 1243 638 587-588

197 696 252 740 »ne
275 678 365 757 poeta
386 678 424 739 ad
447 676 581 757 plebeias
603 677 745 741 mulieres
767 677 872 740 redeat
893 680 925 741 et
943 679 1049 742 eadem
1072 678 1134 741 fere
1156 695 1242 758 repe·

195 785 258 846 lat«
294 786 364 865 post
393 805 420 848 v.
445 786 503 850 581
542 785 712 869 interserit3
738 784 931 848 Heinrichius
954 785 1031 847 nihil
1060 785 1242 848 mutandum

199 908 264 953 esse
299 891 403 954 dicens
433 894 553 972 poetam
587 910 691 955 versus
722 891 823 973 paullo
844 891 1031 972 implicatius
1053 891 1244 956 distribuisse

196 997 343 1060 concedit.
388 997 469 1076 Quid
493 998 608 1062 turbati
630 997 713 1074 111111,
735 997 900 1062 videamus.
944 1000 1054 1077 Poeta,
1082 1001 1244 1080 postquam

195 1104 384 1169 mediocrem
406 1105 551 1168 feminam
574 1105 606 1168 in
628 1106 721 1179 cirac,
745 1105 861 1169 divites
879 1105 1007 1170 feminas
1029 1105 1111 1170 domi
1133 1122 1242 1169 consu-

195 1211 258 1274 lere
282 1212 366 1290 dixit,
390 1213 466 1274 mire
482 1211 631 1291 plebeias
654 1213 783 1275 feminas
805 1214 837 1274 in
859 1214 964 1276 eodem
981 1213 1065 1276 circo
1088 1211 1244 1276 consulere

195 1319 293 1400 addit,
330 1322 361 1382 et
383 1318 515 1383 divitem
536 1337 705 1402 cauponam
727 1320 759 1382 in
782 1320 865 1383 circo
889 1319 1097 1392 consulentem
1118 1317 1244 1390 inducit,

197 1444 258 1506 quo
280 1427 384 1489 ordine
407 1429 534 1500 servato,
559 1427 630 1508 quia
652 1428 747 1490 altera
769 1426 951 1490 feminarum
980 1426 1013 1488 in
1035 1426 1113 1490 circo
1135 1440 1245 1488 consu-

197 1533 325 1596 lentium
349 1534 598 1597 commemoratio
620 1533 784 1614 plebeiam
805 1535 842 1596 im
870 1534 953 1596 circo
969 1532 1083 1615 fatum
1105 1536 1143 1607 (v.
1167 1530 1245 1610 588)

164 1671 167 1677 ·
197 1659 256 1703 non
280 1633 376 1704 solum
401 1640 538 1704 dicituro
560 1641 736 1704 domesticis
759 1641 1168 1715 10111111111111111111.5851
1191 1637 1244 1701 sed

195 1747 369 1810 mediceris
381 1767 499 1829 quoque
511 1747 632 1810 feminae
648 1747 681 1809 in
693 1748 798 1810 eodem
809 1748 887 1811 circo
899 1745 1247 1826 1111111111011111582)

198 1855 381 1918 contrarium
415 1855 513 1935 ponit,
548 1873 652 1918 versus
684 1856 775 1917 modo
808 1854 853 1917 sio
885 1853 1018 1917 enarrari
1039 1856 1174 1934 possunt,
1209 1852 1245 1914 ut

198 1964 378 2041 statuamus,
408 1961 598 2024 mediocrem
619 1962 765 2025 feminam
787 1982 814 2025 v.
839 1963 902 2026 582
925 1965 956 2023 11
978 1961 1094 2024 diuites
1115 1957 1245 2022 feminas

198 2089 225 2131 r.
249 2071 321 2144 588,
345 2088 413 2149 quae
430 2067 570 2148 plebeiis
592 2069 751 2132 contrariae
774 2072 937 2150 ponantur,
970 2067 1087 2131 nobiles
1109 2085 1175 2130 esse
1198 2065 1245 2127 11-

199 2175 312 2254 minea
336 2193 466 2255 quarum
487 2174 556 2252 illa,
586 2175 657 2257 quia
679 2175 819 2238 conducti
843 2175 979 2257 Phryges
1002 2181 1033 2237 11
1054 2172 1123 2236 Indi
1135 2189 1244 2253 magno

200 2283 356 2361 steterint,
392 2283 422 2344 iu
447 2284 543 2357 circo,
582 2283 630 2345 hae
661 2283 742 2345 domi
770 2282 984 2345 consuluerint.
1028 2278 1088 2344 Sed
1114 2279 1244 2343 nobilem

199 2389 409 2469 poppysmatis
442 2389 538 2470 pretio
572 2390 602 2452 in
636 2388 939 2464 11111111111111111,
973 2389 1063 2469 poeta
1090 2385 1245 2463 viridiariis,

198 2512 294 2575 neque
318 2496 450 2577 sicquae
474 2496 596 2560 turbata
628 2497 753 2560 suntin
776 2495 911 2559 ordinem
933 2495 1122 2574 rediguntur.
1169 2493 1244 2556 Dol-

112 2635 114 2640 ·
198 2601 298 2665 lenius
320 2602 410 2666 aliam
436 2605 595 2667 enarrandi
617 2603 698 2666 viam
719 2603 874 2685 ingressus
897 2601 1070 2666 medioeres
1097 2619 1156 2664 non
1179 2617 1245 2663 esse
1311 2663 1313 2666 ,

199 2709 300 2772 miuus
324 2709 433 2772 divites
456 2710 512 2788 rel,
537 2712 617 2791 quod
640 2711 819 2774 scholiastes
841 2709 924 2786 velit,
946 2727 1091 2790 pauperes
1116 2707 1247 2771 feminas

199 2816 253 2878 sed
270 2815 421 2888 mulieres,
446 2836 515 2897 quae
529 2817 725 2897 astrologiam
747 2816 882 2897 coelique
904 2816 1035 2880 rationes
1057 2813 1248 2879 mediocriter

200 2923 337 3002 cognitas
349 2922 490 3000 habeant,
515 2924 719 2987 demonstrare
739 2925 814 2985 mire
832 2928 965 2986 conatur.
995 2923 1070 2986 Haec
1087 2921 1246 2986 verborum

201 3030 351 3092 enarratio
385 3031 480 3112 accipi
511 3053 569 3096 non
598 3031 712 3110 101111,
753 3049 823 3092 nam
852 3029 1052 3111 adjectivum,
1089 3029 1168 3109 quod
1200 3029 1248 3090 est

199 3135 384 3211 mediocria,
419 3139 484 3207 sine
506 3139 570 3202 ullo
593 3136 797 3202 additamento
821 3137 953 3217 positum
975 3136 1056 3200 idem
1085 3135 1245 3217 significat,

199 3243 291 3323 atque
313 3244 346 3306 in
368 3245 468 3307 satirae
492 3243 606 3324 quint-ae
630 3263 656 3306 r.
684 3247 742 3309 108
770 3243 887 3325 (Nemo
902 3224 1005 3323 101111,
1019 3242 1152 3308 modieis
1175 3257 1246 3322 quor

203 3342 416 3414 mittebantur
439 3351 555 3414 amieis
577 3371 599 3413 d
622 3349 757 3434 Seneca)
781 3353 962 3434 adJeetivum
985 3351 1139 3424 medieas,
1163 3353 1194 3413 et
1215 3349 1247 3410 in

165 3506 167 3510 »
200 3460 257 3519 sat.
270 3457 315 3520 XI
328 3478 355 3523 v.
373 3461 442 3533 177,
465 3457 516 3521 ubi
539 3459 1050 3539 poetapytismadiritumderidet,
1073 3457 1247 3522 medioeres

200 3563 348 3627 divitibus
376 3565 517 3627 contrarii
544 3570 711 3646 ponuntur:
748 3566 900 3647 Namque
931 3567 978 3630 ibi
1011 3567 1104 3649 (apud
1125 3567 1246 3640 divites)

192 3669 483 3753 fortumererricm
496 3671 633 3735 damus:
656 3671 730 3737 1111
748 3676 864 3755 turpis,
890 3674 997 3756 Turpe
1009 3679 1039 3738 11
1050 3673 1249 3737 adulterium

200 3778 421 3841 mediocribus.
471 3779 638 3844 hlediocres
661 3785 737 3844 sunt
761 3781 858 3862 igitur
879 3799 1028 3864 pauperes
1050 3785 1083 3846 et
1102 3783 1160 3846 hoc
1181 3781 1247 3844 loeo

201 3904 348 3967 pauperes
392 3905 427 3949 er
459 3885 556 3967 plebe.
628 3888 795 3970 Rupertius
834 3907 938 3952 versus
977 3891 1144 3956 585-587
1175 3891 1247 3952 ante

200 4011 323 4056 uersum
339 3997 401 4058 582
415 3997 614 4074 transponens
636 3995 716 4058 nihil
737 3994 873 4076 profecit,
897 4015 968 4060 narn
990 3995 1035 4060 sic
1050 4015 1167 4078 quoque
1183 4015 1248 4060 me·

203 4098 313 4163 diceris
336 4099 449 4163 femina
469 4100 587 4182 plebeio
599 4099 702 4165 fatodo
726 4103 863 4184 opnitur3
887 4104 913 4167 11
936 4105 1079 4185 quartum
1107 4121 1247 4186 assump-
