2694 4582
626 271 667 323 lle
688 270 793 337 ellipsi.
1087 292 1089 296 ¹
1167 276 1221 336 141

174 475 240 538 Ille
262 481 301 552 (v.
326 477 401 557 535)
425 476 576 559 repetunt,
611 476 642 535 et
669 491 775 535 caussa
801 472 993 536 lacrimarum
1022 474 1053 536 in
1077 474 1225 556 adjectivo

173 603 296 664 magua
319 587 351 646 ct
370 583 476 663 capite
487 583 646 660 serpente
657 583 742 643 moto
755 580 840 652 latet,
861 582 1053 660 quamobrem
1078 585 1224 662 punctum

172 693 244 775 post
266 709 399 770 serpens
422 689 559 773 positum
581 688 718 750 membra
740 687 923 750 cohaerentia
938 688 1079 751 dirimere
1092 689 1219 754 videtur.

172 795 205 860 Si
228 816 324 869 voces,
348 817 415 878 quae
439 800 511 859 sunt
532 794 654 859 uiolato
678 794 816 858 cadurco
847 795 975 858 eaodem
998 796 1119 876 culpam
1140 797 1221 859 indi-

173 907 245 968 cant
267 909 357 986 atquc
380 923 467 968 voces
489 922 666 988 praegressae
690 903 860 966 concubitu
881 903 988 965 saeris
1010 901 1129 975 diebus,
1153 908 1222 984 post

169 1013 299 1075 ventam
315 1022 355 1087 (v.
372 1015 447 1091 535)
470 1014 582 1093 puncto
604 1010 795 1073 incidendum
820 1014 875 1089 est,
899 1029 958 1090 quo
980 1010 1059 1072 facto
1082 1011 1220 1092 apodosis

169 1120 305 1183 omnium
339 1119 544 1182 membranam
578 1118 749 1200 copulative
778 1119 954 1199 junctorum
996 1119 1164 1182 communis
1202 1139 1221 1183 a

166 1227 289 1290 vocibus
312 1225 414 1289 noles
438 1226 581 1288 lacrimae
603 1225 725 1305 incipit:

209 1377 291 1441 Ille
307 1380 415 1458 petit
436 1379 599 1441 neniam.
638 1377 769 1458 Quoties
780 1396 847 1438 ooo
859 1376 1001 1439 obstinet
1012 1395 1096 1439 moror
1106 1396 1185 1457 sqq,

207 1485 228 1547 I
237 1484 315 1549 litae
331 1486 475 1550 lacrimae
496 1484 715 1564 meditataque
736 1503 906 1546 murmura
921 1488 1088 1563 preestuat
1109 1504 1188 1565 sqq,

163 1654 209 1716 sic
243 1674 358 1736 quoque
392 1657 522 1730 caussis,
557 1654 666 1737 quibus
689 1655 859 1716 commotus
882 1653 1056 1734 Madvigius
1090 1655 1212 1718 distinc-

161 1760 274 1824 tionem
309 1782 452 1826 versuum
485 1763 643 1844 vulgatam
680 1761 856 1823 mutandam
898 1778 963 1822 esse
1003 1762 1135 1835 censuit,
1180 1765 1212 1826 et

160 1869 284 1950 regulae,
322 1888 413 1950 quam
447 1871 592 1951 exposuit,
628 1871 659 1931 et
692 1867 883 1931 cohaerentiae
913 1869 1060 1931 sermonis
1090 1869 1210 1934 satisfit.

163 1975 240 2039 Utra
262 1976 420 2040 distinctio
443 1976 549 2039 melior
571 1976 620 2052 sit,
645 1975 809 2056 dijudicare
832 1992 891 2038 non
913 1974 1021 2037 ausim.

246 2082 378 2164 Utroque
412 2084 507 2164 igitur
536 2085 601 2147 loco
628 2085 660 2146 in
690 2082 841 2146 sententia
863 2082 1033 2162 copulative
1056 2083 1207 2166 adjuncta,

158 2188 210 2250 ubi
243 2189 303 2252 alia
335 2190 506 2272 conjunctio
539 2200 663 2270 (qoam,
693 2191 832 2270 quoties)
866 2189 997 2252 similem
1026 2193 1208 2255 sententiam

157 2315 360 2379 praegressum
381 2298 507 2373 inducit,
536 2298 687 2382 particula
709 2298 921 2360 condicionalis
945 2297 1057 2360 omissa
1080 2301 1127 2361 e'st
1150 2300 1207 2374 (sic

156 2401 235 2464 enim
269 2404 351 2467 locos
384 2405 575 2485 accipiendos
608 2404 710 2490 potius
744 2424 810 2466 esse
839 2423 929 2484 quam
959 2405 1205 2486 conjunctionem

154 2511 349 2590 repetendam
363 2513 546 2589 esseeredo),
559 2515 591 2574 et
601 2510 705 2591 paucis
719 2511 800 2590 apud
806 2511 827 2574 J
828 2512 988 2574 uvenalem
1002 2511 1076 2575 locis
1089 2513 1204 2596 passivi

154 2615 351 2699 participium
373 2618 504 2700 subjecti
526 2619 626 2681 locum
649 2621 755 2681 tenens
778 2619 879 2681 futuro
902 2617 985 2680 verbi
1008 2619 1138 2700 tempori
1161 2621 1204 2684 ita

153 2723 338 2806 adjungitur,
361 2727 397 2787 ut
419 2725 622 2788 condicionem
647 2725 808 2788 contineat.
854 2724 888 2786 In
911 2726 1005 2789 satira
1027 2728 1107 2791 enim
1119 2730 1202 2806 XIV,

152 2830 203 2892 ubi
227 2835 316 2910 poeta
338 2833 421 2895 avari
443 2852 478 2894 ac
501 2833 613 2896 sordidi
637 2833 766 2895 hominis
789 2832 889 2895 cibum
912 2834 1035 2916 putrem
1057 2856 1092 2900 ac
1110 2837 1202 2902 vilem

151 2937 302 3014 describit,
325 2939 375 3001 hic
398 2930 503 3002 versus
525 2939 639 3020 legitur
661 2941 765 3019 (134):

255 3089 423 3153 Invitatus
445 3090 491 3153 od
511 3091 577 3154 hoec
600 3091 723 3171 aliquis
745 3091 784 3154 dc
799 3096 901 3172 ponte
922 3098 1060 3176 depacta

131 3256 317 3337 .Rupertius
351 3279 406 3344 pro
438 3261 579 3341 nepoott,
614 3280 703 3342 quarn
741 3262 924 3346 scripturam
957 3266 1048 3329 multi
1081 3268 1198 3332 codices

150 3363 274 3443 habent,
298 3368 415 3450 primus
438 3369 571 3448 negabit
592 3368 742 3443 restituit;
766 3368 819 3431 alii
834 3372 973 3452 negarit,
997 3373 1199 3456 1111119111ι

147 3473 377 3554 exconjectura
405 3475 437 3537 in
459 3478 575 3538 tentum
610 3478 795 3556 receperunt,
829 3496 903 3557 quos
925 3479 1121 3546 Heinrichius
1153 3482 1197 3546 ita

146 3577 288 3654 defendit,
322 3584 356 3644 ut
388 3583 537 3662 pedestris
571 3583 714 3646 orationis
748 3588 900 3648 auctorem
936 3587 979 3651 sic
1011 3589 1196 3671 scripturum

146 3683 240 3748 fuisse
254 3687 343 3750 dicat.
368 3689 505 3752 Minime.
528 3690 623 3752 Aliud
635 3690 715 3753 enim
727 3693 872 3775 estquod
884 3695 1069 3776 conjunctivi
1080 3698 1194 3779 imper-

144 3790 224 3855 fecto
257 3796 358 3877 posito
392 3797 504 3876 aliquid
534 3796 591 3859 sub
622 3797 723 3877 aliqua
752 3799 934 3879 condicione,
969 3804 1018 3866 cni
1051 3804 1193 3868 satisfieri

145 3901 282 3978 negatur,
307 3905 485 3966 eventurum
499 3922 564 3966 esse
578 3904 698 3982 dicitur,
722 3905 804 3970 aliud
815 3910 902 3988 quod,
920 3909 1077 3976 indicativi
1090 3892 1192 3976 futuro

142 4005 278 4086 tempore
301 4010 401 4092 posito
424 4010 547 4090 aliquid,
576 4011 601 4073 si
626 4013 794 4077 condicioni
816 4015 908 4080 alicui
929 4020 1068 4097 satisfiat,
1099 4039 1191 4084 even-

141 4113 243 4176 turum
257 4133 323 4178 esse
335 4117 557 4201 pronuntiatur.
594 4118 630 4180 In
644 4120 744 4184 satirae
757 4123 856 4186 tertiae
870 4144 897 4187 v.
916 4130 926 4187 l
935 4130 1082 4192 68-169
1098 4131 1193 4211 Quod
