2694 4582
201 271 241 334 66
332 229 335 236 Ι
521 269 564 337 De
578 271 731 336 ¹particulis
752 271 929 338 copulativis.

200 471 251 536 oei
274 473 432 537 Juvenaris
453 473 536 537 nullo
570 474 747 537 disorimino
777 474 948 539 adhibuisse
977 476 1103 554 videtur,
1133 482 1164 541 et
1194 479 1246 542 ubi

203 579 351 657 animat)
381 580 511 645 altemm
545 581 715 644 membrum
749 581 896 663 adjungit
931 583 1055 647 tertium
1089 590 1147 648 out
1170 586 1245 669 (vel)

200 687 304 751 erebro
327 688 457 752 vincitur
480 688 550 764 (ΙΙΙ,
563 692 613 762 93,
640 692 707 762 120,
731 691 821 763 24ης
845 690 877 752 in
898 689 1185 773 interrogationibus
1199 697 1247 767 (ut

199 795 270 866 XV,
287 797 359 872 103)
383 800 413 858 et
435 795 486 859 ubi
508 797 698 876 partioulasi
712 797 864 877 praeoedit‚
886 799 1035 878 partienda
1056 820 1092 864 oe
1116 801 1245 864 alterum

147 909 150 913 ’
191 903 371 994 membrum
383 902 543 981 interdum,
563 904 614 967 sed
626 922 700 978 raro,
718 904 866 986 adjungit,
888 905 1012 987 reliquis
1032 906 1113 984 loeis,
1136 907 1247 988 quibus

199 1012 266 1074 haeo
286 1010 436 1092 particula
456 1009 579 1093 legitur,
613 1011 731 1074 oodioes
753 1010 815 1075 fere
838 1013 949 1094 ubique
971 1013 1050 1076 inter
1073 1034 1133 1094 que
1155 1017 1186 1078 et
1208 1035 1246 1078 ee

200 1110 357 1194 fluetuant,
392 1123 423 1181 et
457 1135 492 1182 se
525 1123 571 1180 est
604 1117 725 1181 illorum
753 1119 888 1182 looorum
910 1119 997 1197 ratio,
1030 1124 1065 1185 ut
1087 1123 1244 1203 scriptura,

200 1247 267 1310 quae
284 1229 411 1306 estque,
434 1225 594 1307 plerisque,
617 1244 654 1288 ne
678 1226 776 1288 diuam
799 1226 946 1303 omuibus,
968 1229 1155 1309 praeferenda
1173 1248 1246 1313 esse

198 1336 343 1399 videatur.
847 1351 848 1354 ’

224 1483 231 1495 ·
286 1463 466 1544 Priusquam
499 1463 535 1525 ad
557 1463 696 1543 asyndeti
710 1481 808 1526 ‘usum
831 1465 1034 1544 exponendum
1059 1467 1245 1549 transgredi·

200 1591 277 1650 mur,
301 1573 382 1635 looos
404 1569 564 1633 nonnullos
587 1569 813 1651 subjungemus
846 1571 952 1651 quibus
982 1571 1130 1653 particula
1152 1592 1243 1655 oopu-

113 1660 116 1665 ¹
199 1680 294 1744 latius
316 1683 369 1742 aut
391 1676 569 1740 insolentius
597 1677 696 1758 posita
717 1681 773 1752 est,
806 1682 860 1741 aut
892 1678 929 1741 ob
962 1679 1096 1760 positum
1129 1698 1248 1744 errores

199 1787 301 1850 mouit.
356 1786 394 1848 In
428 1785 523 1847 satira
560 1783 641 1858 XlV,
678 1802 736 1865 quo
770 1784 834 1847 loeo
867 1789 955 1865 poeta
984 1787 1110 1868 juvenes
1144 1789 1245 1850 cetera

201 1898 360 1976 parentum
393 1892 468 1954 uitia
496 1893 611 1971 sponte,
646 1892 803 1954 auaritiam
826 1891 936 1955 inritos
958 1893 1072 1956 imitari
1094 1894 1190 1967 donet,
1213 1894 1245 1959 hi

197 2020 301 2065 versus
323 2000 467 2081 leguntur
490 2006 519 2072 (a
531 2019 557 2061 v.
573 2001 659 2074 rom:

282 2168 389 2255 Fatue
412 2171 496 2232 enim
517 2169 633 2230 uitium
655 2168 758 2247 speeie
779 2168 911 2230 uirtutis
934 2173 963 2232 et
985 2170 1108 2245 umbra,

285 2277 390 2358 Qoium
413 2278 457 2340 sit
481 2278 575 2340 triste
597 2275 709 2338 babitu
732 2274 885 2354 obituque
908 2279 937 2339 et
958 2280 1041 2340 ueste
1062 2296 1215 2341 severum.

141 2460 146 2468 “
203 2446 301 2510 Vultu
324 2465 380 2510 nou
405 2447 441 2509 ad
466 2447 559 2509 triste
581 2447 633 2509 sed
655 2447 692 2508 ad
722 2465 866 2509 seuerum
890 2447 1081 2511 referendum
1110 2453 1164 2523 est,
1199 2448 1242 2512 sie

110 2552 113 2564 '
140 2586 142 2590 ·
199 2555 281 2637 enim
301 2557 411 2635 praeter
433 2553 493 2617 alia
520 2555 612 2618 etiarn
645 2553 735 2617 metri
769 2555 846 2617 ratio
879 2554 1020 2634 postulat,
1055 2555 1105 2617 sed
1139 2562 1243 2618 utrum

89 2654 93 2664 “
195 2663 351 2744 partieulae
374 2666 490 2742 que-et,
525 2663 605 2743 quod
633 2663 713 2747 apud
735 2661 914 2726 Juvenalem
947 2661 1042 2723 rarius
1063 2660 1128 2723 fieri
1152 2681 1243 2743 supra

198 2770 335 2842 diximus,
369 2788 421 2850 pro
446 2773 522 2832 et-et
544 2770 650 2850 positae
680 2769 749 2846 sint·5
786 2787 825 2830 an
847 2768 995 2848 particula
1017 2788 1077 2847 prro
1098 2768 1154 2831 hoo
1176 2770 1241 2833 loeo

196 2879 326 2942 alterurn
348 2877 518 2940 membrum
539 2880 690 2948 annectat,
724 2876 849 2938 dubium
883 2894 948 2938 esse
983 2880 1091 2956 potest.
1137 2876 1242 2963 Credi—⁵

196 2987 293 3050 derim
305 2988 416 3068 tamen,
430 2985 451 3049 J
453 2983 619 3061 uuenalem,
644 2984 699 3077 qui·
717 2983 846 3046 alterum
868 2982 1039 3046 membrum
1056 2993 1125 3067 post
1140 2984 1240 3064 gravi-

196 3112 279 3156 orem
301 3110 446 3156 eaesuram
465 3110 518 3173 per
541 3092 707 3171 asyndeton
728 3108 838 3172 ponere
860 3090 1009 3171 praecipue
1032 3095 1123 3170 amet
1147 3091 1241 3154 etiam

194 3202 251 3263 hoo
273 3201 338 3263 loco
362 3203 469 3279 que-et
492 3217 544 3281 pro
567 3202 639 3262 etet
665 3199 801 3279 posuisse
829 3198 894 3265 infr.
919 3198 1002 3261 Pers.
1025 3199 1081 3271 ΙΙΙ,
1116 3203 1156 3264 25
1178 3199 1242 3263 Est

196 3308 255 3371 tibi
270 3306 332 3389 sor
353 3307 521 3381 modicum,
538 3326 663 3386 piorum
685 3307 807 3369 et'sine
830 3305 900 3369 iube
921 3304 1086 3381 solinum).

279 3439 315 3501 In
339 3438 433 3501 satira
456 3440 539 3501 serta
561 3440 657 3518 poeta,
681 3439 843 3517 postquam
863 3437 946 3498 varia
967 3437 1109 3512 remedia,
1132 3437 1241 3518 quibus

194 3564 279 3608 uanae
302 3545 453 3621 mulieres,
484 3549 518 3608 ut
550 3544 684 3608 moechis
718 3543 878 3624 placerent,
902 3545 1030 3607 colorem
1056 3548 1086 3608 et
1109 3544 1239 3626 pulchri·

194 3653 333 3716 tudinem
356 3652 443 3715 faciei
468 3670 585 3715 servare
609 3651 801 3723 conabantur,
825 3651 991 3732 descripsit,
1016 3670 1077 3715 av.
1091 3655 1146 3717 471
1174 3653 1242 3715 haeo
1335 3734 1340 3745 Ι

192 3761 344 3843 adjungit:

279 3913 343 3977 Sed
365 3931 435 3993 poce
457 3913 592 3974 mutatis
613 3910 781 3974 inducitur
804 3915 900 3991 utque
914 3911 1047 3993 fovetur

280 4022 339 4084 Tot
361 4019 626 4084 medicaminibus
649 4022 804 4100 coctaeque
826 4018 971 4100 attipiais
994 4017 1075 4100 offas
1118 4016 1120 4019 ’

277 4128 406 4209 Aeei'pit
429 4132 458 4192 et
480 4125 628 4203 ruodidcu
650 4125 758 4207 facies
781 4127 905 4190 dicetur
927 4147 972 4190 eo
993 4125 1110 4190 uicos?
1237 4183 1244 4199 ,
