2694 4582
460 1219 509 1298 Ile
536 1218 784 1318 interrogandi
811 1218 942 1308 forma,

258 1440 301 1551 In
325 1488 457 1573 simplici
472 1489 710 1571 interrogatione
723 1489 744 1554 J
747 1489 882 1553 uvenalis
896 1489 1080 1571 particulam
1092 1491 1222 1554 interro·

168 1599 304 1676 galiunm
317 1595 415 1659 multo
428 1596 541 1679 saepius
554 1597 669 1660 omittit
681 1615 772 1678 quam
784 1615 851 1659 eam
863 1596 958 1680 ponit
983 1598 1014 1658 et
1036 1614 1220 1678 quamquam

170 1703 262 1766 verba
294 1703 338 1765 ita
370 1704 548 1784 plerumque
582 1703 751 1776 distribuit,
785 1706 819 1766 ut
851 1703 1049 1784 interrogatio
1083 1721 1116 1766 en
1144 1703 1222 1787 ipsis

169 1809 268 1872 verbis
292 1813 322 1872 et
344 1810 448 1873 ordine
470 1809 518 1874 vel
540 1828 575 1872 ex
598 1813 735 1894 tempore
759 1811 850 1890 atque
873 1811 963 1872 morlo
984 1809 1043 1873 'vel
1065 1828 1098 1872 ex
1122 1810 1222 1873 cohae-

166 1917 267 1978 rentia
290 1919 436 1980 sermonis
460 1917 629 1991 definiatur,
654 1920 758 1978 tarnen
780 1933 816 1978 ea
839 1916 982 1979 orationis
1005 1915 1102 1979 formu
1124 1918 1221 1980 inter·

167 2023 242 2084 dum
265 2022 375 2096 utitur,
411 2027 459 2098 ut,
493 2028 595 2086 utrrrrn
621 2023 786 2104 interroget
809 2042 847 2084 an
871 2042 947 2094 non,
977 2023 1093 2104 ambigi
1115 2025 1220 2105 possit,

167 2132 200 2192 et
222 2129 342 2206 codices
362 2129 514 2192 nonnullis
537 2129 611 2192 locis
633 2129 714 2192 inter
737 2148 869 2210 praesens
893 2132 924 2192 et
946 2129 1088 2193 futurum
1101 2133 1242 2212 tempus·

165 2235 211 2299 ita
235 2237 396 2312 fluctuant,
433 2239 467 2298 ut
495 2255 542 2299 res
572 2236 728 2300 difficilius
751 2237 942 2319 dijudicetur.
988 2237 1096 2300 Talem
1118 2237 1220 2301 locum

161 2343 228 2424 jann
242 2345 545 2407 commemoravimus
557 2343 624 2420 (IV,
651 2345 736 2422 130);
761 2344 811 2406 hic
832 2344 942 2418 locum,
961 2344 1019 2424 ·qui
1041 2350 1220 2425 argumento

168 2468 236 2512 esse
259 2451 366 2534 possit,
401 2451 592 2533 subjungam.
638 2451 675 2514 In
709 2451 802 2514 satira
834 2453 917 2513 sexto
949 2452 1040 2531 poeta
1072 2469 1220 2523 caussam,

167 2575 229 2637 qua
251 2559 352 2620 motus
376 2557 501 2620 satiram
526 2558 641 2630 scribit,
665 2558 712 2620 tis
736 2557 833 2620 verbis
857 2557 979 2637 exponit
997 2558 1103 2639 (128);
1127 2557 1220 2622 Certe

164 2682 271 2726 suane
304 2684 387 2727 eras.
439 2663 591 2738 Uxorem,
617 2664 793 2738 Postume,
828 2662 945 2726 ducis?
977 2681 1038 2744 quo
1064 2665 1130 2728 loco
1159 2683 1218 2728 non

167 2773 255 2850 pauci
285 2772 402 2835 codices
431 2791 485 2853 pro
508 2771 600 2836 ducis
631 2772 744 2835 habent
766 2771 871 2837 dures.
917 2773 1013 2834 Poeta
1040 2790 1101 2834 non
1123 2790 1138 2833 a
1163 2773 1218 2835 Po·

167 2880 268 2940 sturno
292 2879 416 2959 quaerit,
451 2881 554 2942 utrum
578 2899 609 2941 re
633 2897 703 2942 vera
730 2897 853 2941 uxorem
882 2879 990 2941 ducere
1016 2879 1145 2960 cogitet,
1179 2896 1217 2941 an

169 2983 304 3049 noudum
320 2986 478 3049 consilium
491 2985 601 3062 inierit,
626 2986 677 3049 sed
702 3003 771 3048 eum
794 2986 957 3048 ducturum
980 3004 1046 3048 esse
1069 2987 1216 3058 statuens,

165 3092 244 3173 qnod
269 3111 303 3155 err
327 3092 523 3173 sequentibus
545 3091 660 3156 verbis:
690 3090 771 3168 Dr'o,
796 3111 861 3170 qun
887 3091 1075 3171 Tisapherne,
1099 3092 1217 3171 quitus

164 3199 336 3279 conpilare
364 3198 530 3262 colubris?
564 3199 638 3263 satis
666 3199 779 3270 elucet,
813 3217 883 3262 eum
916 3198 1078 3262 mulierum
1113 3198 1215 3283 pravis

164 3413 315 3475 deterrere
348 3412 461 3494 incipit.
519 3413 618 3476 Verba
650 3413 829 3476 admirantis
862 3412 959 3494 igitur
992 3412 1090 3492 magis
1124 3430 1215 3492 quam

95 3561 98 3566 -
164 3518 212 3581 int
231 3520 382 3598 rrogantis
405 3523 490 3596 sunt,
524 3523 555 3582 et
576 3521 664 3600 poeta
688 3519 717 3581 in
747 3520 899 3582 concitata
920 3520 1070 3593 oratioue,
1104 3518 1156 3581 ubi
1179 3537 1215 3581 ex

165 3625 275 3705 aliquo,
299 3627 446 3706 tanquam
469 3645 603 3710 praesens
616 3625 804 3707 sitaliquid
819 3625 935 3707 quaerit,
957 3625 997 3698 irl,
1021 3626 1099 3705 quod
1120 3625 1213 3688 inter·

162 3732 330 3814 rogationis
353 3733 419 3797 loco
447 3737 508 3808 est,
543 3752 609 3797 esse
643 3733 741 3815 lingit.
800 3734 939 3795 Praesens
961 3735 1083 3812 tempus
1112 3733 1213 3813 aptius

164 3839 299 3920 videtur,
336 3844 366 3903 et
388 3858 442 3921 pro
465 3840 552 3922 signo
574 3839 819 3922 interrogationis
841 3832 964 3920 signum
986 3839 1213 3903 exclamationis

162 3946 411 4010 substituendum
433 3949 489 4010 est.
533 3947 571 4009 Iu
592 3947 685 4011 satira
707 3947 826 4028 quinta,
856 3945 909 4009 ubi
932 3965 1036 4009 servus
1059 3930 1212 4023 clientem,

162 4054 214 4134 qui
236 4071 344 4134 panem
367 4053 489 4117 domino
512 4052 680 4134 sepositum
714 4071 822 4135 capere
845 4072 937 4116 ausus
960 4055 1020 4128 est,
1053 4052 1211 4134 increpans
