2694 4582
402 275 445 327 De
464 274 599 329 liberiore
618 275 766 329 verborum
784 276 891 342 positu.
1131 279 1171 343 27

21 518 29 531 ·
117 466 315 542 divellentem
336 476 399 542 fere
422 479 544 541 easdem
565 477 786 542 enunciationis
815 480 916 558 partes
946 477 1116 543 inteream
1140 481 1172 542 et

114 585 249 650 alterum
270 586 443 648 membmm
465 622 505 630 -
529 585 625 648 rarius
650 621 687 630 -
711 585 900 648 interserere.
936 585 1074 649 Priorum
1098 603 1171 668 poe·

115 695 217 757 tarum
238 692 402 768 licentiam,
437 693 489 773 qui
510 691 647 755 membra
669 691 792 754 arbitrio
815 710 870 756 suo
892 692 1075 768 distrahunt,
1112 710 1169 756 non

115 799 266 876 imitatur,
290 799 482 880 quamobrem
514 798 628 874 formae,
658 817 725 878 quae
755 803 843 863 sunt:
886 799 989 881 Atqui
1020 799 1052 861 si
1079 799 1171 862 ciliis

115 905 331 970 mediocribus
367 926 406 969 ac
438 925 510 969 mea
534 906 656 986 paucis
678 905 842 969 Meuclcsa
864 909 912 969 esi
932 909 1058 969 ualura
1081 905 1166 986 (Hor.
1192 973 1194 976 ,

117 1012 180 1078 Sat.
192 1015 217 1089 l,
229 1016 258 1088 6,
273 1017 328 1093 55)
352 1012 403 1076 vel
426 1013 577 1095 Namque
591 1011 668 1093 pila
691 1011 792 1093 lippis
813 1013 983 1076 iuiuricum
1007 1016 1037 1077 et
1059 1012 1170 1078 ludere

115 1121 227 1186 crudis
238 1121 324 1201 (Hor.
338 1119 400 1184 Sat.
415 1122 438 1196 l,
451 1125 481 1193 4,
494 1123 557 1199 67).
571 1121 648 1201 apud
672 1138 743 1183 eum
765 1138 825 1184 non
840 1121 1044 1184 inveniuntur.
1076 1121 1168 1184 Locos

112 1227 231 1310 aliquot
264 1232 440 1303 annectam,
475 1244 559 1308 qnos.
595 1227 667 1308 quia
700 1227 781 1289 varie
815 1232 1001 1303 enarrantur,
1036 1229 1169 1291 nondum

116 1334 358 1400 commemoravi.

199 1442 236 1505 In
260 1441 352 1504 satire
364 1440 430 1515 XV,
453 1439 503 1503 ubi
527 1446 614 1521 poeta
639 1444 777 1503 naturam
802 1439 975 1504 hominibus
997 1440 1077 1504 nibil
1097 1442 1166 1523 pul·

113 1549 218 1613 chrius
240 1567 333 1630 qnam
354 1547 506 1620 lacrimari,
528 1546 615 1609 illam
633 1547 1035 1628 sonsushumanioptimam
1048 1553 1167 1630 partem

113 1656 234 1720 dedisse
257 1657 354 1725 docet,
378 1655 410 1716 lri
432 1672 537 1718 versus
561 1655 705 1736 leguntur
729 1660 757 1734 (a
771 1675 797 1717 r.
813 1658 898 1735 134);

197 1807 338 1872 Plerare
360 1825 436 1888 erpo
452 1806 546 1887 jubel
568 1825 703 1870 sarisam
730 1805 872 1869 diceulis
894 1807 993 1870 aurici

198 1914 451 1999 Squaloremque
472 1915 530 1989 rei,
548 1912 716 1993 pupillum
738 1912 784 1976 ad
797 1914 882 1994 jura
903 1918 1069 1979 casualem

202 2021 534 2102 Circumscriptorem,
558 2021 652 2082 cuius
673 2021 848 2084 minitantia
862 2021 947 2103 fletu

202 2127 270 2192 Ora
287 2129 457 2210 puellares
471 2128 607 2212 saciet-ul
627 2129 754 2191 iucerla
776 2127 899 2208 capilli.

110 2298 280 2380 Rupertius
300 2299 402 2362 locum
424 2300 469 2362 sic
491 2299 626 2362 accusat:
653 2297 776 2360 »scabra
797 2297 902 2373 oratio,
925 2316 991 2378 quae
1014 2317 1070 2363 nec
1091 2299 1165 2363 satis

110 2406 188 2483 fluit,
222 2405 249 2469 si
284 2424 318 2469 ex
352 2406 460 2469 multis
493 2404 579 2467 libris
612 2423 746 2468 causam
779 2404 841 2483 (vel
869 2409 993 2483 casum)
1023 2401 1165 2484 lupeulis

110 2513 209 2577 amici
220 2514 398 2594 reposueris,
423 2530 496 2575 nam
522 2512 566 2574 sic
589 2511 736 2592 particula
758 2531 818 2593 que
832 2529 891 2576 non
904 2511 970 2576 voci
980 2509 1165 2594 squalorem

108 2621 163 2684 sed
181 2619 350 2700 pupillum
372 2620 560 2683 annectenda
581 2621 654 2681 erat.
687 2619 777 2682 Forte
800 2619 860 2700 leg.
873 2639 1007 2682 causam
1025 2619 1164 2682 dicertis

111 2727 210 2790 amici
232 2727 445 2810 Squalarem;
468 2729 563 2808 atque
583 2726 633 2788 rei
648 2723 817 2805 pupillum
839 2731 907 2806 cet,
937 2729 972 2789 ut
989 2727 1163 2808 jungnmtm

105 2836 156 2898 rei
178 2835 256 2917 (suec
268 2833 441 2913 familiaris)
463 2833 776 2913 circumscriptorem
789 2837 843 2896 aut
855 2833 957 2914 potins
970 2831 1162 2915 Squalorem

108 2941 157 3006 vel
178 2962 247 3006 rem
268 2943 418 3020 (causam)
445 2940 554 3022 pupilli
576 2962 602 3002 e.
610 2942 635 3022 j.
649 2961 676 3002 v.
690 2939 742 3002 C.«
790 2939 987 3003 Achairrtrius
1017 2939 1160 3004 substan·

107 3048 215 3122 tivum,
240 3049 320 3130 quod
341 3052 428 3130 poeta
453 3065 512 3110 non
535 3047 666 3128 scripsit,
688 3047 873 3110 interserens
895 3047 997 3110 locum
1013 3047 1057 3110 sic
1072 3066 1160 3110 enar·

105 3157 169 3219 rat:
192 3175 305 3220 casum
323 3155 422 3218 amici
443 3173 577 3218 causam
600 3154 737 3217 diceuiis
759 3157 789 3216 el
810 3152 994 3235 squalorem
1016 3155 1066 3217 rei
1073 3175 1084 3232 ;
1107 3154 1160 3217 alii

104 3263 164 3326 trio
176 3263 296 3344 objecta
305 3267 452 3344 ponentes
459 3266 615 3343 (causam,
624 3260 817 3344 squalorem,
828 3260 1009 3344 pupillum)
1022 3261 1160 3325 diceutis

104 3387 159 3451 pro
188 3389 224 3433 se
238 3408 240 3412 -
256 3368 459 3451 defenderitis
492 3369 609 3432 dictum
649 3387 716 3432 esse
758 3369 894 3431 credunt.
959 3368 1159 3433 Heimiclrius

104 3476 320 3541 Achaintrinm
353 3476 526 3557 vituperans
559 3494 694 3538 causam
728 3496 745 3539 a
778 3475 916 3539 diceuiis
955 3474 1059 3538 divelli
1101 3494 1159 3540 non

104 3602 193 3666 posse
215 3588 297 3648 recte
319 3583 480 3660 intellexit,
515 3583 568 3646 secl
594 3583 684 3645 verba
717 3585 824 3663 poeta,
858 3583 918 3646 nisi
941 3582 1066 3646 verbum
1091 3581 1158 3663 plo·

103 3691 279 3755 sandicum
304 3692 446 3773 genetivo
470 3691 568 3753 amici
575 3691 719 3771 junctum
733 3692 901 3765 credamus,
925 3689 1058 3753 enarrari
1068 3707 1158 3770 posse

103 3816 228 3880 negem,
252 3800 283 3862 et
307 3797 447 3861 Graecam
469 3799 548 3861 hanc
570 3798 765 3861 construendi
789 3798 938 3860 rationem
963 3799 1085 3878 propter
1107 3815 1156 3860 se·

101 3908 232 3988 qnentes
254 3905 441 3969 accusativos
464 3903 660 3987 (saecularem
690 3907 721 3967 et
737 3903 917 3984 pupillum)
939 3904 1042 3967 minus
1076 3904 1156 3968 veri·

102 4012 237 4076 similem
258 4031 326 4077 esse
348 4012 741 4076 concedens—luvenalis
764 4013 821 4075 hoc
841 4011 982 4093 genetivo
1006 4030 1157 4092 nosquam

102 4120 201 4185 utitur
227 4157 262 4166 -
286 4139 322 4184 ex
345 4119 498 4183 nonnullis
522 4118 684 4194 codicibus,
719 4137 848 4200 quomm
870 4117 922 4180 nlii
944 4137 999 4200 pro
1021 4137 1156 4182 causam
