2694 4582
427 269 470 322 De
489 269 621 324 liberiore
640 271 785 324 verborum
803 270 908 338 positu.
1157 276 1196 339 ὀῖ

152 475 292 550 refertur,
324 475 404 557 quod
438 474 587 558 adjectivo
618 475 782 558 (genetivo,
810 476 977 558 participio,
1011 475 1200 558 pronomine)

149 583 262 648 certius
288 582 443 659 definitur,
477 600 495 645 a
516 582 707 646 substantivo
730 583 884 648 divellitur
905 583 957 647 illa
979 584 1110 665 quidem,
1145 584 1197 648 sed

149 689 247 755 multo
274 689 385 773 saepius
418 693 507 771 poeta
543 689 699 772 vulgarem
726 691 876 773 pedestris
898 691 1043 755 orationis
1065 691 1198 773 positum

150 802 251 863 servat
271 797 341 874 (ill,
352 799 416 864 205
437 796 613 860 Recubcus
644 798 704 862 sub
738 798 845 863 codem
867 818 1028 863 marmore
1054 797 1198 878 Obtrorr).

150 905 210 972 Ubi
231 905 464 982 substantivam,
497 905 546 969 cui
567 906 749 988 adjectivum
773 906 915 981 adhaeret,
948 925 967 970 a
987 907 1198 988 praepositione

13 1050 17 1057 .
149 1013 270 1096 pendet,
291 1012 358 1076 haec
381 1012 532 1076 interdum
551 1013 699 1095 adjectivo
717 1013 760 1077 ita
776 1014 976 1096 anteponitur,
999 1019 1034 1078 ut
1056 1013 1198 1078 substan-

149 1099 248 1184 tivum
270 1120 408 1202 pluribus
430 1120 553 1185 vocibus
575 1121 764 1184 retrahatur:
788 1122 828 1195 ΙΙ,
843 1125 883 1186 10
904 1121 997 1185 Inter
1009 1121 1196 1185 Socraticos

150 1227 324 1293 mtissimc
337 1225 436 1311 fosso
458 1227 601 1292 auredus
623 1229 676 1292 cfr.
699 1229 768 1300 VII,
781 1232 821 1295 28
844 1233 984 1311 (utroque
1007 1229 1074 1292 loco
1097 1230 1198 1312 adjec-

150 1334 247 1400 tivum
269 1335 302 1398 iu
325 1353 448 1411 cessura,
479 1335 704 1400 substantivum
728 1336 759 1399 in
782 1335 919 1400 clausula
941 1355 1045 1400 versus
1067 1338 1199 1418 ponitur,

151 1444 244 1524 quam
275 1441 519 1519 distributionem
551 1448 672 1526 poetam
700 1443 850 1525 praecipue
878 1461 979 1507 amare
1004 1444 1071 1526 jam
1094 1445 1198 1508 docui·

151 1551 242 1634 mus),
265 1550 314 1614 vel
336 1550 416 1614 iuter
437 1551 620 1634 adjectivum
643 1553 675 1614 et
697 1550 920 1615 substantivum
931 1551 976 1614 ita
987 1551 1197 1634 interponitur,

151 1656 284 1721 utillud
305 1659 386 1722 vocis
408 1658 591 1740 interpositu
613 1658 791 1722 divellatur:
821 1658 902 1735 XIV,
915 1662 956 1725 68
986 1657 1027 1724 Ut
1049 1662 1199 1722 sanctam

143 1763 240 1850 filiae
261 1765 350 1830 omni
370 1766 522 1846 Aspia-iat
549 1766 622 1830 sirac
654 1765 725 1830 labe
759 1765 886 1828 domum
907 1768 1010 1847 (modo
1043 1767 1101 1830 hoc
1133 1766 1198 1830 loco

151 1886 243 1956 poeta
263 1874 308 1938 sic
330 1873 427 1952 dixit),
461 1872 510 1938 vel
543 1874 623 1936 inter
652 1873 878 1937 substantivum
900 1878 993 1955 atque
1015 1874 1198 1956 adjectivum

152 1971 310 2046 adherens
331 1981 538 2046 interseritur:
575 1980 662 2055 VllI,
687 1983 747 2046 194
777 1980 930 2044 Statuam
946 1982 1101 2061 pareatis
1123 1984 1200 2044 cute

153 2087 399 2168 triumphalem
421 2088 579 2164 visam
596 2087 691 2152 clade
712 2092 743 2152 et
757 2093 851 2168 peste
872 2089 931 2152 aab
953 2088 1015 2151 illa
1037 2096 1200 2170 (nusquam

82 2200 87 2209 '
153 2196 227 2260 alibi
255 2197 334 2279 apud
356 2197 536 2262 Juvenalem
570 2197 751 2279 praepositio,
785 2217 853 2278 quae
886 2198 960 2260 duas
994 2215 1082 2260 voces
1111 2196 1200 2278 regit,

155 2304 275 2386 utrique
297 2304 465 2386 postposita
486 2309 556 2369 ante
580 2305 766 2388 adjectivum
789 2305 947 2387 utriusque
966 2323 1126 2368 commune
1145 2321 1199 2386 po·

156 2411 216 2476 sita
236 2411 411 2503 invenitur),
434 2413 487 2477 sad
510 2416 619 2494 praeter
630 2411 856 2494 praepositiones
876 2416 953 2476 oute
971 2416 1002 2476 et
1013 2413 1099 2475 tuter
1111 2410 1200 2474 modo

91 2517 95 2524 '
155 2518 382 2600 prepositiones
404 2520 618 2601 monosyllabae
637 2520 681 2582 sic
699 2536 766 2582 raro
777 2525 939 2599 ponuntur,
963 2537 1060 2601 neque
1072 2537 1200 2600 usquam

155 2626 338 2708 praepositio,
361 2627 413 2690 ubi
435 2627 661 2691 substantivum
682 2626 833 2707 praecedit,
869 2629 939 2690 ante
968 2627 1143 2709 genetivum
1172 2625 1201 2688 ei
1300 2606 1310 2622 ’

156 2733 333 2817 adjunctum
344 2735 444 2816 posita
455 2735 644 2817 inreritum),
667 2751 764 2815 neque
780 2733 926 2815 adjectivo
942 2733 986 2796 ita
1001 2732 1200 2814 postponitur,

157 2852 192 2917 ut
203 2841 426 2906 substantivum
440 2841 656 2924 retrahatur2).
689 2841 773 2904 Inter
787 2841 1030 2922 praepositionem
1045 2842 1077 2903 et
1099 2857 1203 2902 <asum

157 2948 223 3012 eius
238 2949 398 3032 genetivus
413 2951 446 3012 et
467 2969 535 3031 quae
557 2950 595 3014 ad
619 2949 700 3013 hunc
722 2949 875 3030 pertinent
896 2948 944 3012 vel
966 2946 1109 3011 adverbia
1131 2945 1204 3010 sub·

159 3055 291 3120 stantivo
303 3056 454 3138 adjuncta,
477 3057 809 3138 utinprosaoratione‚
832 3056 1072 3137 interponuntur,
1091 3056 1123 3117 et
1144 3069 1204 3118 uno

157 3162 224 3228 loco
244 3162 370 3228 verbum
392 3164 612 3228 enuntiationis
634 3165 714 3227 inter
734 3163 908 3246 genetivum
931 3166 963 3226 et
979 3160 1204 3226 substantivum

46 3302 53 3311 ·
156 3270 353 3354 interjectum
374 3276 436 3334 cst:
470 3270 536 3346 XV,
548 3274 589 3337 28
612 3270 721 3352 Super
744 3269 859 3334 calidae
880 3269 1055 3353 reseremus
1076 3268 1205 3333 morata

162 3377 259 3460 Copta·
281 3378 387 3459 (etiam
409 3378 555 3442 hocloco
576 3379 761 3462 adjectivum
783 3378 816 3441 in
834 3396 957 3454 caesura,
979 3376 1204 3441 substantivum

158 3486 191 3551 iu
213 3487 273 3550 fine
295 3504 400 3550 versus
423 3484 605 3550 collocatum
628 3491 699 3566 est),
734 3504 880 3567 nusquam
912 3504 992 3562 vero,
1026 3484 1103 3565 quod
1125 3482 1205 3566 apud
1242 3573 1245 3579 .

158 3593 273 3677 priores
284 3597 388 3676 poetas
406 3592 548 3676 frequens
560 3597 618 3674 est,
641 3593 815 3676 praepositio
826 3609 885 3657 uno
897 3592 944 3656 vel
957 3591 1093 3675 pluribus
1106 3590 1205 3654 verbm

659 3783 805 3791 ,φο-..-
810 3783 956 3791 -ι--η-
967 3783 975 3789 .-

189 3900 207 3966 ¹)
225 3899 302 3968 Virg.
320 3903 391 3953 Aen.
409 3899 457 3965 Vi,
475 3903 509 3954 58
530 3901 622 3966 ὦψαι
640 3902 664 3951 ia
682 3900 804 3961 Δωσὼ,
835 3899 914 3954 Ovid.
934 3900 1001 3953 liet,
1020 3898 1041 3963 Ι,
1061 3900 1093 3949 :tt
1118 3897 1208 3961 Mrrqur'

228 3987 327 4050 speciem
343 3986 483 4052 qlomeraoit
499 3988 523 4036 in
540 3986 618 4050 orbiu
638 3984 673 4051 ΙΙ,
697 3986 747 4041 llo
764 3983 936 4049 Nameruruqac
952 3983 1054 4034 aarum
1071 3981 1107 4033 ad
1123 3981 1206 4029 lectrum

231 4069 282 4123 cfr.
302 4070 371 4124 Hor.
392 4069 451 4124 Sat
467 4071 491 4136 Ι,
509 4073 534 4138 3,
552 4073 594 4123 60,

187 4156 209 4220 2)
228 4154 296 4208 Hor.
315 4154 374 4208 Sat.
392 4155 415 4219 Ι,
435 4158 461 4220 2,
479 4157 513 4210 lb
529 4156 603 4206 Dara
621 4155 682 4205 r'rrter
699 4171 762 4220 roepe
776 4153 877 4219 potu.
