2694 4582
542 305 586 357 De
606 305 711 372 ellipsi.
1090 294 1150 370 151

186 511 222 573 In
234 509 451 592 particularum
466 508 604 589 denique,
627 509 780 589 quaesunt
798 527 918 587 nempe,
941 527 1029 585 narn,
1055 507 1150 583 enine,

100 637 158 682 usu
180 617 313 681 brevitas
336 617 474 698 quaedam
503 614 647 678 arebonis
676 614 775 693 magis
805 633 898 695 quam
921 613 1038 696 ellipsis
1061 614 1152 679 inest.

100 724 138 787 In
161 724 255 788 satira
277 724 395 787 decima
414 723 514 803 tertia,
537 721 590 784 ubi
610 740 665 784 av.
683 724 743 786 164
764 721 797 784 hi
814 740 919 785 versus
936 720 1042 803 scripti
1059 723 1150 785 sunt:

170 960 318 1014 amissioni
338 960 431 1013 aliena
449 960 649 1024 immiscuerit,
677 973 785 1012 vereor.
817 958 887 1012 Haec
906 960 1036 1026 exempla
1055 960 1151 1012 affert:

168 1045 205 1110 II,
225 1047 274 1101 156
297 1046 362 1103 Quid
382 1045 497 1096 Crenaee
515 1045 575 1110 leqio
593 1053 615 1093 et
637 1043 727 1094 Cannis
744 1053 882 1108 consumpta
892 1046 1017 1108 juventus,
1041 1045 1087 1095 Tot
1105 1045 1152 1094 bel·
1208 1084 1214 1098 .

170 1130 243 1180 mrum
261 1129 401 1196 (aliorum)
421 1130 513 1189 anima,
539 1127 592 1194 VI,
617 1131 649 1184 55
684 1129 781 1194 Mayna
799 1137 875 1178 tamen
884 1130 960 1193 sona
977 1139 1012 1178 est
1029 1129 1152 1192 cujusdam

170 1214 266 1282 (alius)
285 1231 340 1264 rure
356 1222 458 1278 paterno
476 1214 584 1279 vivatus,
604 1211 655 1277 III,
674 1214 689 1267 7
713 1212 745 1262 Ut
768 1230 813 1262 uon
831 1212 934 1262 deterius
952 1213 1038 1262 credas
1056 1213 1155 1264 horrere

169 1293 287 1364 incendia,
315 1298 399 1362 lapsus
423 1296 543 1346 Tectorunr
567 1295 678 1345 assiduos
706 1314 736 1345 ac
753 1297 817 1346 mille
843 1297 923 1362 (alia)
947 1296 1057 1361 pericula
1080 1315 1152 1347 soeuae

174 1384 255 1447 Urbis,
273 1380 307 1447 X,
328 1383 377 1436 tit
406 1381 516 1432 Creditur
534 1380 589 1430 olim
614 1380 757 1444 Velisicatus
775 1381 852 1431 Atta
874 1391 896 1431 et
913 1381 1028 1446 quidquid
1050 1380 1151 1447 (aliud)

175 1468 272 1520 Gracia
289 1465 393 1516 mendax
412 1465 493 1514 Audet
511 1465 535 1514 in
554 1464 669 1529 distoria3
688 1465 713 1516 X
733 1467 782 1520 178
808 1463 930 1516 Credimus
948 1467 1010 1516 altas
1023 1467 1151 1530 Defecisse

168 1535 249 1603 amnes
276 1559 391 1614 epotaque
412 1549 519 1614 flumina
543 1549 616 1598 Medo
641 1549 793 1614 Prandente,
821 1559 843 1598 et
868 1550 973 1599 madidis
999 1559 1082 1600 cantat
1099 1568 1152 1614 qua

171 1637 249 1704 (alia)
269 1633 397 1685 Sostratus
414 1633 470 1695 ales,
488 1631 522 1698 X,
541 1635 593 1688 210
611 1632 651 1684 Su
668 1634 722 1683 licet
738 1635 838 1684 eximius
855 1634 1013 1699 citharoedus,
1034 1636 1093 1684 sitae
1108 1632 1152 1684 Se·

168 1723 246 1772 leucus
265 1719 299 1769 Et
316 1718 399 1781 quibus
417 1716 505 1782 (aliis)
528 1728 619 1767 aurata
637 1736 686 1767 nuos
704 1727 740 1767 est
749 1719 848 1783 fulqere
870 1719 977 1783 lacerna,
996 1717 1076 1783 XIII,
1102 1719 1152 1773 126

169 1807 201 1858 St
207 1805 296 1855 nullum
306 1801 406 1866 (aliud)
425 1801 449 1849 in
468 1803 537 1850 terris
555 1811 603 1851 tam
621 1801 758 1852 detestabile
768 1804 864 1866 factum
882 1802 992 1867 ostendis,
1008 1812 1080 1862 taceo,
1101 1803 1152 1857 cfr.

169 1890 231 1955 XII,
248 1890 297 1944 103
315 1892 366 1941 Hic
382 1908 428 1940 non
445 1899 500 1939 sunt
517 1894 559 1937 aut
579 1887 674 1936 venales
692 1887 820 1952 elephanti,
838 1886 891 1937 Nec
900 1887 975 1937 Latia
992 1896 1035 1938 aut
1051 1905 1151 1952 usquam

167 1974 260 2041 (alibi)
294 1977 336 2024 sub
362 1984 440 2024 nostra
466 1974 543 2024 sidere
566 1972 623 2021 talis
647 1971 739 2021 Bellua
762 1972 903 2036 concipitur.
949 1972 988 2023 At
1013 1973 1075 2025 haec
1103 1987 1150 2026 ex-

170 2059 263 2125 empla
281 2075 336 2110 nou
355 2059 436 2111 unius
456 2056 570 2123 generis
590 2061 668 2108 sunt:
704 2055 739 2120 Π,
759 2057 816 2121 156,
852 2054 886 2119 Χ,
906 2057 963 2121 178,
991 2059 1042 2112 att
1064 2064 1151 2124 poeta

168 2142 361 2211 compluribus
390 2141 527 2208 exemplis
556 2140 660 2207 positis
688 2140 782 2191 omnia
807 2140 835 2191 in
862 2155 947 2214 unum
967 2143 1091 2206 confert3
1117 2141 1151 2207 X,

168 2229 227 2291 174,
256 2227 318 2292 XII,
348 2228 397 2282 103
416 2226 445 2278 in
463 2225 636 2293 pronominis
661 2223 799 2276 indefiniti
824 2223 1030 2288 significatione
1050 2231 1079 2276 et
1097 2241 1151 2279 usu

169 2325 273 2364 caussa
290 2311 374 2373 inest,
396 2326 444 2362 cur
462 2310 541 2362 nulla
558 2325 612 2362 vox
631 2307 820 2371 desideretur,
839 2307 915 2374 XIII,
936 2310 1080 2363 tutatuta
1098 2326 1150 2377 pro

167 2413 212 2445 non
230 2395 355 2461 positum
374 2394 554 2460 negationem
577 2400 671 2460 auget,
690 2392 742 2458 Vl,
761 2396 793 2446 55
812 2391 860 2444 ubi
879 2393 1002 2443 cuiusdam
1020 2393 1090 2445 nulli
1110 2395 1150 2447 fe-

167 2479 248 2531 minae
270 2479 440 2532 contrarium
458 2478 586 2544 ponitur,
616 2491 713 2552 neque
728 2492 829 2528 novum
848 2477 1006 2543 exemplum
1025 2477 1148 2544 additur,

148 2555 230 2613 alius
249 2562 340 2616 audiri
358 2562 465 2626 nequit.
502 2562 546 2614 Ex
570 2561 729 2614 recentiore
748 2560 838 2627 magis
862 2575 944 2626 quam
968 2567 1092 2614 veterum
1110 2562 1152 2614 lo-

169 2647 272 2712 quendi
283 2662 335 2699 usu
345 2645 520 2713 pronominis
541 2644 723 2698 omIssionem
740 2644 884 2710 plerisque
900 2644 972 2698 locis
993 2643 1150 2699 statuicre-

171 2731 302 2793 diderim.
340 2730 446 2785 Crebro
467 2737 561 2782 autern
580 2728 655 2796 apud
673 2727 841 2781 iuvenalem
861 2731 1088 2782 commemoratio
1108 2731 1151 2783 rei

172 2815 292 2868 alicuius
312 2821 361 2867 aut
380 2814 559 2868 desideratur
577 2818 626 2864 aut
644 2813 673 2864 iu
692 2827 747 2863 una
764 2811 861 2877 aliqua
870 2827 938 2866 voce
948 2812 1027 2866 latet.
1055 2814 1086 2865 In
1105 2829 1149 2867 sa·

166 2899 221 2952 tii-a
240 2905 330 2967 sexta,
349 2899 397 2951 ubi
416 2905 502 2966 poeta
519 2897 666 2950 libidinem
682 2895 832 2959 mulierum
846 2897 928 2949 bonae
944 2896 1004 2949 deae
1021 2897 1148 2952 solemne

169 2984 373 3036 celebrantium
392 2982 558 3036 describens
576 2982 637 3034 hoec
657 2981 727 3033 dicit
744 2979 786 3046 (V.
801 2981 959 3045 ssa-sstt:
979 2983 1151 3048 laeetana·

167 3069 269 3118 ritaret
287 3068 369 3119 desani
387 3069 499 3132 domines,
526 3064 707 3117 Heianchius
733 3063 768 3115 ad
786 3064 901 3116 verbum
919 3068 1036 3130 mansur
1055 3067 1150 3121 sdver-

168 3151 244 3205 bium
255 3154 358 3218 frustra
378 3152 512 3204 omissum
532 3164 595 3202 esse
616 3149 699 3214 dicit,
719 3148 771 3201 sed
788 3149 843 3200 hoc
861 3149 976 3201 verbum
996 3156 1025 3203 et
1043 3151 1149 3217 saepius

167 3235 209 3289 ita
227 3237 350 3303 ponitur,
370 3241 400 3288 ut
418 3236 507 3301 notio,
537 3248 599 3299 quae
619 3233 807 3296 desideratur,
833 3233 889 3300 Ipsi
908 3234 995 3287 verbo
1015 3235 1149 3303 subjicia-
1175 3236 1179 3246 '

168 3325 228 3383 tur,
259 3327 287 3372 et
306 3320 442 3387 hocloco
467 3318 617 3384 sequentia
640 3318 726 3370 verba
760 3327 783 3368 et
800 3318 883 3369 desunt
901 3319 1003 3369 tornines
1022 3318 1149 3372 adverbii

106 3406 108 3410 ’
168 3405 311 3458 notionem
330 3404 400 3457 satIs
421 3403 543 3469 explent.
582 3402 613 3454 In
633 3402 732 3455 eadem
752 3403 850 3468 satiro,
870 3403 919 3454 ubi
938 3403 1091 3456 crudelitas
1110 3403 1150 3456 in·

107 3495 113 3504 ’
165 3488 249 3541 famis
269 3488 395 3542 mulleris
415 3494 499 3552 atque
516 3485 657 3539 cruciatus
677 3501 819 3539 servarum
833 3487 1030 3553 depinguntur,
1050 3487 1083 3539 et
1097 3486 1149 3540 do·

167 3573 242 3625 mina
259 3573 333 3624 irata
352 3573 455 3625 clamat
468 3574 503 3636 (v.
517 3571 577 3634 492)
597 3572 678 3622 Altior
696 3572 735 3620 lic
752 3589 827 3636 quare
844 3572 981 3622 cincinnus?
1001 3571 1045 3622 cui
1064 3572 1150 3623 inter·

168 3657 311 3722 rogationi
330 3662 417 3722 poeta
434 3656 496 3708 haec
520 3656 607 3708 uerba
630 3655 791 3722 subjungit:
825 3655 922 3705 Taurea
946 3656 1017 3721 punit
1038 3655 1150 3706 &nunna

157 3741 226 3806 flexi
241 3743 327 3790 crimen
338 3742 485 3805 facinusque
502 3741 603 3805 capilli,
640 3739 822 3792 Heinrichius
851 3738 1011 3792 adverbium
1035 3740 1096 3789 male
1114 3738 1150 3791 ad

159 3826 254 3890 fleanrn
274 3824 407 3877 omissum
427 3838 490 3877 esse
503 3823 656 3889 contendit,
676 3823 829 3876 etultimos
850 3823 946 3876 satirae
963 3829 1070 3888 quarta
1088 3837 1149 3875 ver·

168 3923 216 3962 sus
236 3908 358 3962 confert:
397 3908 447 3960 Sed
460 3894 543 3974 periit,
559 3918 688 3973 postquam
706 3907 844 3957 cerdonibus
862 3925 912 3957 esse
929 3906 1044 3957 timendus
1063 3907 1149 3970 Coepe-

167 4003 216 4058 rat,
236 3993 289 4044 Hoc
305 3995 382 4044 nocuit
388 3994 530 4043 Lamiarum
540 3992 603 4042 cade
616 3992 721 4042 madenti
729 3991 777 4043 ubi
792 4006 827 4044 ex
840 3997 974 4044 contextu
986 3992 1037 4040 sine
1044 3989 1151 4061 periculo
1220 4039 1222 4042 .

167 4075 337 4130 audiendum
365 4092 428 4130 esse
458 4075 535 4129 dicit.
582 4077 690 4129 Neutro
709 4075 774 4129 loco
793 4076 871 4128 notio
900 4074 1024 4127 adverbii
1045 4073 1151 4126 omissa

167 4167 223 4220 est,
239 4177 303 4214 nam
321 4162 454 4228 inpriore
465 4176 521 4214 non
538 4160 600 4212 nale
617 4159 668 4214 sed
687 4175 721 4213 ex
736 4158 961 4226 interrogatione
976 4156 1151 4227 praecedenti
