2694 4582
204 275 243 338 78
516 271 558 322 De
576 271 725 338 particulis
745 270 923 338 copulativis.
954 256 958 266 ⁸

203 476 306 538 crebro
329 475 393 538 sine
416 473 525 558 copula
541 473 654 556 jungit,
679 477 713 536 ut
734 490 822 536 nemo
845 492 948 537 eorum
969 474 1001 537 in
1022 476 1079 539 hoc
1100 475 1243 556 loquendi

202 600 312 665 genere
345 582 382 645 ad
410 599 480 644 eum
508 581 638 644 accedat.
683 580 784 643 Etiam
816 580 868 642 ubi
901 581 1050 663 obJ'ectum
1084 582 1241 662 utriusque

203 689 361 753 sententiae
395 706 552 751 commune
586 689 616 751 in
646 690 744 772 priore
779 687 911 771 positum
946 692 1000 764 est,
1030 688 1157 753 alteram
1179 689 1244 752 sine

202 796 409 877 conjunctione
427 795 578 877 adjungit:
601 796 638 872 X,
646 800 686 861 66
712 795 875 876 Quosdam
891 796 1081 876 praempitot
1099 796 1244 876 subjectu

165 980 168 985 .
195 905 347 982 potentio
368 921 495 983 mopere
517 902 664 978 Ioco'cle'ce,
698 903 813 984 merplt
842 902 940 984 loapa
968 907 1064 984 utque
1096 904 1241 984 taciperto

201 1009 361 1073 tonorum
386 1009 529 1090 Papiae,
552 1010 589 1072 ab
602 1010 797 1074 insolentiae
815 1014 916 1073 autem
935 1011 1072 1092 asyndeti
1094 1030 1166 1087 usu,
1189 1011 1241 1093 qui

201 1119 280 1202 apud
305 1118 421 1201 priores
444 1117 603 1195 invenitur,
635 1117 697 1180 fere
719 1136 839 1202 semper
862 1118 1033 1200 abstinet.¹)
1081 1119 1123 1183 Ut
1146 1119 1242 1203 parti-

201 1225 270 1288 cula
292 1224 463 1309 copulativa
487 1224 531 1287 sio
554 1225 645 1287 etiam
669 1225 857 1289 adversativa
879 1229 910 1288 et·
932 1225 984 1290 ubi
1006 1226 1043 1288 de
1065 1227 1157 1290 variis
1175 1227 1242 1291 sub·

196 1332 288 1413 jectis
312 1336 343 1394 et
366 1331 417 1393 ubi
441 1330 477 1392 de
501 1332 607 1394 eodem
629 1331 764 1414 subjecto
786 1333 934 1395 contraria
961 1333 1111 1407 dicuntur,
1145 1327 1243 1397 multo

202 1439 334 1503 crebrius
356 1439 438 1522 apud
459 1438 640 1502 ,Iuvenalem
663 1457 754 1521 quarn
777 1441 858 1524 apud
886 1439 1000 1525 priores
1022 1444 1129 1524 poetas
1152 1440 1244 1504 omit·

101 1547 104 1554 '
201 1547 285 1618 titur,
310 1548 341 1608 et
359 1529 484 1616 ¹omnino
507 1547 539 1608 in
560 1547 694 1610 oratione
716 1548 887 1610 vehementi
916 1549 947 1610 et
975 1548 1143 1610 accelerata
1173 1567 1243 1611 sen·

201 1653 313 1738 tentia,
349 1671 414 1733 quae
449 1672 587 1716 caussam
617 1640 793 1737 praegressae
827 1654 963 1728 actionis,
1000 1654 1152 1738 imprimis
1189 1656 1245 1718 ad·

201 1760 385 1833 monitionis,
423 1761 571 1835 continet,
608 1779 663 1844 per
698 1761 863 1841 asyndeton
900 1761 1035 1844 ponitur:
1080 1763 1138 1841 Vl,
1166 1765 1245 1839 630,

200 1871 272 1943 442,
295 1870 366 1932 545.

284 1975 328 2036 llx
350 1974 455 2057 paucis
478 1974 539 2068 illis
562 1974 644 2046 locis,
664 1973 772 2055 quibus
795 1975 854 2038 duo
877 1974 1064 2048 substantiva
1086 1977 1149 2037 sine
1172 1995 1244 2038 con-
1295 1950 1305 1966 ’

197 2083 355 2164 junctione
378 2081 478 2164 posita
501 2084 579 2156 sunt,
606 2082 643 2144 ob
665 2082 888 2145 insolentiorem
913 2063 981 2145 eius¹
1000 2081 1126 2146 formam
1150 2101 1244 2147 unum

201 2207 369 2274 excerpam,
393 2188 443 2268 qui
466 2190 749 2252 commemoratione
764 2189 881 2276 ¹dignus
903 2190 1029 2252 videtur.
1086 2190 1121 2252 ln
1151 2190 1244 2252 satira

200 2296 281 2370 XIV,
306 2296 358 2358 ubi
380 2299 471 2379 poeta
493 2295 645 2357 crudelem
668 2295 763 2358 Rutili
793 2298 926 2360 animum
954 2299 1177 2371 commemorat,
1213 2298 1244 2362 hi

85 2463 89 2470 .
200 2421 303 2467 versus
327 2402 433 2486 scripti
457 2405 527 2465 sunt·
550 2401 583 2485 (a
604 2422 630 2465 v.
655 2404 725 2481 23);

224 2710 243 2770 Ι)
270 2707 471 2774 Ut-appareat,
501 2715 632 2773 quantum
660 2710 688 2759 in
716 2709 769 2760 hoc
794 2708 926 2773 loquendi
946 2725 1049 2776 genere
1068 2710 1142 2762 inter
1160 2709 1243 2762 Juve-

269 2792 361 2844 nalem
381 2799 409 2844 et
427 2791 572 2857 Virgilium
593 2792 704 2844 differat
722 2793 867 2856 (Horatius
888 2801 916 2845 et
935 2794 1049 2847 Ovidius
1070 2796 1103 2846 ad
1122 2794 1242 2846 Juvena-

269 2877 322 2928 lem
350 2877 468 2943 propius
497 2892 578 2942 quam
606 2877 641 2928 ad
660 2877 806 2942 Virgilium
835 2879 993 2944 accedunt),
1022 2879 1103 2931 huius
1122 2879 1242 2931 insolen-

268 2961 368 3014 tiorem
398 2961 525 3026 asyndeti
554 2977 633 3013 usum
662 2959 844 3016 adumbrato.
882 2962 913 3014 V.
934 2979 988 3016 non
1016 2963 1105 3017 solum
1133 2963 1242 3016 duobus

266 3046 399 3098 membris
426 3045 568 3112 particula
596 3045 757 3110 copulativa
781 3047 887 3111 junctis
915 3047 1028 3100 tertium
1052 3047 1111 3100 sine
1140 3047 1242 3114 copula

267 3129 366 3182 crebro
387 3129 464 3182 addit
484 3131 564 3194 (Aen.
575 3129 624 3191 ΙΙΙ,
642 3132 700 3190 594,
721 3129 767 3195 IV,
786 3133 857 3197 614),
877 3131 926 3184 sed
945 3133 972 3183 in
990 3131 1110 3199 plurium
1131 3146 1242 3196 quoque

221 3207 223 3212 ’
267 3213 453 3266 membrorum
482 3214 695 3266 coacervatione
723 3215 766 3266 vel
794 3215 920 3267 ultimum
947 3217 1030 3280 (Aen.
1051 3215 1082 3281 V,
1111 3218 1170 3280 112)
1198 3218 1242 3268 vel

267 3299 365 3367 ultima
392 3313 444 3366 per
471 3298 625 3366 asyndeton
651 3299 731 3366 ponit
759 3301 835 3364 (Aen.
854 3299 899 3363 Vl,
918 3303 995 3365 254);
1023 3300 1131 3353 duobus
1159 3315 1240 3353 mem-

265 3368 324 3436 bris
344 3383 491 3436 dissolutis
515 3399 570 3435 non
590 3383 681 3436 solum
700 3385 812 3437 tertium
832 3400 884 3451 per
904 3395 934 3450 er,
958 3404 996 3452 ac,
1023 3395 1093 3449 arque
1114 3384 1243 3451 adjungit

265 3471 347 3534 (Aen.
368 3467 415 3534 VI,
434 3469 492 3533 643,
511 3467 560 3534 ΙΙΙ,
583 3469 653 3534 206),
682 3467 732 3520 sed
759 3470 841 3521 tertio
869 3470 935 3521 huic
962 3469 1085 3521 membro
1114 3476 1240 3533 quartum

265 3553 324 3606 sine
354 3552 457 3618 copula
484 3552 584 3617 adjicit
612 3554 692 3618 (Aen.
718 3551 762 3619 Vl,
791 3541 949 3618 180-182),
979 3561 1007 3606 et
1034 3554 1062 3605 in
1088 3553 1240 3606 multorum

265 3637 450 3689 membrorum
462 3637 670 3689 enumeratione
689 3637 762 3690 inter
781 3638 968 3704 copulativam
985 3639 1142 3703 juncturam
1162 3652 1241 3704 asyn-

266 3722 351 3774 deton
370 3721 410 3779 ito,
428 3721 582 3788 interserit,
606 3729 646 3787 ut,
667 3737 831 3787 quamquam
851 3723 879 3774 id
898 3723 1059 3789 membrum,
1088 3721 1161 3787 quod
1181 3722 1240 3774 sine

265 3805 461 3871 conjunctione
489 3806 614 3873 ponitur,
641 3821 752 3860 versum
777 3807 942 3874 plerumque
969 3807 1069 3873 incipit
1088 3807 1168 3872 (Aen.
1188 3805 1239 3870 ΙΙΙ,
1270 3793 1274 3800 ’
1308 3795 1310 3800 ’

264 3892 321 3956 126,
341 3892 399 3956 467,
417 3889 575 3957 V,aao,V1,
588 3894 644 3952 280,
664 3895 734 3957 484),
754 3891 831 3942 nulla
850 3892 914 3944 talis
932 3892 1031 3958 regula
1050 3898 1142 3943 exstet
1160 3892 1240 3954 (Aen.

265 3975 310 4041 VI,
330 3977 388 4041 307,
408 3977 484 4041 854),
512 3975 707 4042 ulvi‘denique
736 3977 817 4043 plura
843 3976 967 4029 membra
993 3991 1045 4042 per
1068 3976 1239 4042 anaphoram

259 4060 357 4127 juncta
384 4066 463 4125 sunt,
493 4075 576 4112 unum
603 4075 654 4127 per
684 4061 838 4127 asyndeton
859 4060 1139 4126 narare-interponit
1157 4061 1237 4123 (Aen.
1342 4062 1345 4067 ’

262 4143 314 4211 ΙΙΙ,
335 4145 402 4210 560).
439 4144 490 4197 His
509 4143 655 4198 ,luvenalis
675 4145 785 4197 omnino
805 4144 935 4198 abstinet.
