2686 4596
173 275 213 339 86
497 273 538 324 De
558 272 705 339 particulis
725 272 903 340 copulativis.

168 479 398 540 assurrexerat
420 477 458 538 ad
480 475 610 539 alterum
633 476 804 539 membrum
836 477 959 540 auditur
982 477 1035 540 cfr.
1062 477 1134 540 Hor.
1158 476 1221 541 Sat

167 585 192 659 I,
215 587 244 660 3,
267 585 308 647 43
331 583 377 645 At
395 586 496 664 pater
517 586 557 645 rt
576 584 681 664 pacti,
715 584 763 646 sie
785 603 846 647 uos
871 583 1020 647 debemus
1042 585 1149 660 arar'ei,
1184 583 1224 648 aa·

169 691 256 771 quod
297 691 342 754 stt
384 692 515 768 vitiare,
562 709 628 753 aaa
665 688 835 771 fastidire.
903 691 979 754 Haec
1025 691 1224 755 omissionem

166 798 327 862 defendere
360 798 428 880 quis
451 798 571 873 credat,
606 798 658 862 sed
694 799 760 880 jam
795 800 834 863 ad
854 798 958 879 ipsum
991 797 1097 862 locum
1118 816 1221 861 rever-

167 908 276 969 tamur.
323 904 449 970 Codices
471 923 532 968 non
555 905 765 980 consentiunt3
789 904 916 987 plurimi
937 924 1004 968 roro
1026 905 1149 982 habent,
1171 924 1221 969 re·

168 1012 243 1094 liqui
276 1014 313 1076 iro
335 1031 390 1094 pro
419 1032 485 1076 rou
515 1021 617 1094 (quam
641 1013 820 1094 scripturam
844 1021 948 1076 vetera
970 1011 1085 1076 scholia
1106 1011 1223 1076 habue-

168 1123 249 1195 runt,
273 1123 304 1183 et
325 1120 456 1184 ,Iahnius
479 1119 511 1182 in
533 1123 619 1184 textu
641 1120 757 1202 posuit)
780 1119 828 1184 vel
849 1139 926 1197 rree;
949 1119 1151 1183 Hermannus.
1164 1121 1222 1183 rte

168 1227 275 1291 scribit
297 1226 538 1308 particulamque
560 1228 592 1290 in
615 1227 711 1290 altero
739 1227 874 1290 membro
898 1226 990 1289 audit.
1039 1226 1098 1304 Qui
1125 1227 1226 1308 parti«

168 1333 266 1398 culam
290 1333 465 1414 negativam
495 1334 670 1410 defendunt,
705 1338 824 1415 poetam
851 1333 1027 1396 Ciceronem
1051 1335 1221 1398 Octaviano

166 1439 337 1522 praetulisse
354 1441 474 1514 dicunt3
498 1440 551 1522 qui
567 1441 813 1522 praepositionem
826 1441 1026 1515 substituunt,
1050 1459 1118 1502 eum
1133 1440 1220 1505 Oice·

168 1566 274 1613 ronem
297 1547 464 1612 Octaviano
486 1537 596 1629 parem*
613 1549 750 1630 posuisse
773 1548 900 1611 malunt.
930 1547 1049 1610 Horum
1071 1547 1221 1612 enarratio

169 1656 233 1719 sine
257 1654 353 1718 dubio
375 1655 483 1719 melior
505 1659 561 1719 est.
607 1656 711 1719 Cicero
740 1673 809 1718 cum
833 1655 1000 1718 Octaviano
1029 1657 1222 1735 comparatur

167 1764 199 1824 et
232 1779 287 1841 par
323 1761 350 1823 ei
385 1762 495 1839 evadit,
531 1763 638 1825 deinde
672 1762 834 1825 discrimen
868 1779 943 1836 esse,
978 1763 1010 1824 et
1043 1761 1220 1824 Ciceronem

168 1868 314 1932 maiorem
347 1868 520 1931 habendum
545 1888 620 1944 esse,
643 1876 732 1951 poeta
754 1868 846 1932 verba
890 1867 954 1932 Sed
974 1867 1082 1931 Roma
1097 1888 1219 1948 parere

167 1980 239 2053 tera,
273 1974 380 2038 Rorua
396 1979 529 2054 patrem
545 1976 680 2055 petrice,
697 1974 882 2039 Ciceronem
911 1975 1016 2039 libera
1039 1975 1125 2038 drssrtt
1146 1976 1219 2040 snb·

165 2083 302 2165 jungens
325 2083 419 2159 addit,
443 2085 482 2156 et,
506 2083 532 2146 si
555 2101 624 2145 eum
648 2084 794 2146 maiorem
817 2102 883 2147 esse
902 2083 969 2165 jam
992 2083 1125 2153 dixisset,
1149 2103 1219 2165 par·

169 2189 264 2254 tieula
301 2190 492 2253 adversativa
528 2189 587 2254 sed
617 2190 648 2252 id
682 2191 798 2271 ipsum,
847 2191 926 2271 quod
961 2208 1030 2253 eum
1070 2191 1216 2254 maiorem

167 2297 275 2372 reddit,
298 2297 346 2360 vix
368 2297 564 2378 adjunxisset.
596 2296 799 2380 Adjectivum,
823 2298 902 2378 quod
916 2296 1086 2374 estlibera,
1109 2296 1217 2361 discri-

166 2422 237 2467 men
260 2423 363 2467 eorum
387 2404 542 2486 exprimit:
576 2405 786 2487 magnitudine
821 2423 921 2467 rerum
950 2407 1107 2486 gestarum
1129 2423 1217 2486 pares

167 2514 242 2575 sunt·
261 2510 365 2575 Cicero
399 2515 430 2576 et
465 2513 658 2586 Octavianus,
695 2513 747 2575 sed
783 2511 885 2575 libera
921 2513 1018 2575 Roma
1041 2511 1217 2576 Ciceronem

167 2622 283 2700 patrem
307 2619 413 2700 patriae
436 2619 519 2684 dixit.
556 2620 606 2684 Sic
622 2619 807 2685 cohaerentia
818 2638 936 2700 quoque
949 2619 1097 2682 sermonis
1112 2638 1217 2684 eorum

167 2727 350 2791 enarrationi
373 2726 483 2801 obstat,
504 2728 556 2809 qui
579 2727 774 2808 negationem
795 2725 827 2789 in
849 2726 945 2810 altero
968 2726 1103 2788 membro
1125 2726 1216 2791 omis·

166 2852 233 2897 sam
256 2852 323 2898 esse
346 2834 459 2914 dicunt,
483 2853 580 2916 neque
604 2833 727 2897 omissio
754 2834 820 2896 tam
841 2833 975 2896 insolens
997 2834 1093 2914 accipi
1116 2833 1215 2911 debet,

167 2959 234 3022 quae
257 2943 289 3004 et
311 2960 328 3004 a
351 2943 447 3022 poetae
465 2941 609 3022 loquendi
631 2960 688 3003 usu
710 2939 897 3003 alienissima
920 2942 950 3003 et
973 2936 1134 3003 sententiae
1156 2935 1216 2999 loci

165 3049 295 3112 molesta
318 3048 367 3112 sit.
424 3047 456 3112 Si
479 3048 561 3111 enim
589 3051 748 3128 quautam
781 3067 849 3110 aaa
870 3046 1028 3123 Leueade,
1057 3046 1216 3125 quautam

168 3153 347 3218 Thessalica
369 3156 494 3235 campis
524 3155 664 3236 legimus,
698 3154 854 3235 particula,
889 3173 957 3234 quae
990 3156 1038 3216 est
1071 3172 1146 3228 rou,
1180 3169 1215 3214 ex

165 3263 326 3327 Juvenalis
358 3262 501 3344 loquendi
525 3281 581 3326 usu
604 3263 753 3326 modoad
775 3261 857 3342 prius
881 3259 1050 3324 membrum
1073 3259 1215 3340 pertinet,

165 3372 197 3433 et
218 3369 257 3433 ad
279 3369 410 3433 alterum
432 3369 582 3451 particula
605 3369 795 3432 adversativa
825 3367 976 3430 audienda
1003 3370 1050 3431 est
1072 3365 1125 3429 cfr.
1148 3365 1215 3441 XV,

168 3479 226 3542 108
250 3475 320 3539 Nec
342 3476 428 3539 errr'ru
450 3477 568 3546 oraria
594 3475 743 3555 quadarn
759 3495 824 3555 pro
843 3475 912 3537 rita
927 3473 1088 3556 facienda
1103 3475 1215 3553 putat,

164 3602 232 3665 quae
255 3582 416 3646 verborum
434 3583 579 3664 junctura
600 3583 758 3647 victoriam
773 3581 970 3646 aThessaliae
983 3581 1098 3663 campis
1110 3599 1214 3663 repor-

163 3692 262 3754 tatam
303 3689 439 3752 victoriae
484 3691 522 3753 ad
563 3690 730 3754 Leucadem
769 3691 865 3771 partae
911 3689 988 3752 mire
1027 3688 1151 3770 opponit-
1184 3689 1215 3752 et

165 3783 350 3862 sententiam
373 3795 433 3860 loci
456 3798 623 3878 perturbat.
669 3799 764 3861 Poeta
797 3799 879 3860 certe
912 3796 1091 3877 particulam
1119 3813 1214 3884 nega-

163 3906 256 3970 tivam
285 3923 345 3968 non
372 3904 501 3986 scripsit.
548 3906 657 3968 Restat
689 3905 786 3968 altera
818 3903 954 3968 codicum
987 3901 1136 3982 scriptura
1167 3902 1214 3978 r‘a,

164 4032 232 4095 quae
255 4014 286 4076 et
308 4011 491 4075 sententiam
509 4011 618 4075 bonam
633 4011 756 4093 praebet,
779 4015 810 4074 et
832 4008 874 4073 in'
887 4029 946 4090 qua
968 4028 1076 4073 caussa
1097 4007 1214 4086 idonea,

163 4141 217 4186 cur
246 4117 364 4184 librarii
386 4138 439 4202 pro
461 4119 675 4201 praepositione
697 4118 879 4200 particulam
901 4136 968 4179 noa
990 4115 1213 4192 substituerint,
