2694 4582
183 274 223 338 36
463 277 504 327 De
524 275 657 328 liberiore
677 276 823 328 verborum
843 276 949 342 positu.
984 324 989 331 .

271 478 327 541 Sia
349 483 472 542 natura
488 479 601 559 jubet:
622 479 762 543 uelocius
785 483 815 542 et
837 481 933 543 eitius
955 499 1015 544 nas

272 585 494 666 Corrumpunt
515 589 668 650 uitiorum
692 586 838 667 euempla
860 587 1042 662 douaestieu,
1058 578 1188 667 mapuis

273 695 377 774 Quum
400 696 536 758 subeant
558 696 691 758 animos·
708 696 905 770 auctoribus.

187 805 257 865 ante
280 802 454 867 domestica
476 804 583 868 incidit
605 803 695 885 (idem
719 823 773 886 pro
795 805 936 868 subeant
957 803 1062 867 scribit
1083 803 1231 883 subeunt,

180 910 236 973 ¹sed
260 911 369 999 ultima
391 912 542 976 sententia
564 931 701 975 caussam
725 913 868 977 continet.
894 932 946 975 cur
969 912 1106 992 exempla
1128 912 1236 974 dome·'

184 1016 262 1080 stica
283 1018 374 1083 citius
397 1022 610 1100 corrumpant).
645 1018 875 1096 substantivum
888 1019 1035 1099 exempta
1047 1019 1232 1101 adjectivum

183 1126 287 1206 poscit.
311 1131 342 1189 et
364 1127 531 1206 iuvenalis,
566 1127 635 1209 quia
659 1128 808 1210 adjectivo
829 1129 960 1207 uacuis
981 1128 1099 1208 pondus
1122 1126 1231 1190 adden·

184 1233 256 1296 dum
289 1238 349 1310 est,
388 1234 569 1315 particulam
603 1235 631 1298 ei
667 1235 827 1316 postponit.
886 1236 1015 1298 Exstant
1047 1238 1128 1298 certe
1161 1232 1233 1307 loci,

184 1340 291 1421 quibus
314 1342 507 1422 adjectivum.
542 1343 621 1423 quod
645 1361 765 1405 versum
787 1343 912 1418 claudit,
946 1343 984 1406 ad
1007 1340 1234 1404 substantivum

184 1447 215 1509 in
240 1450 343 1511 eodem
368 1450 561 1513 horruisticlvio
584 1449 716 1531 positum
747 1469 806 1512 non
839 1450 1011 1531 pertineat,
1035 1449 1087 1512 sed
1120 1447 1234 1528 ubique
1279 1524 1285 1534 ¹

188 1555 421 1627 substantivum,
446 1556 494 1619 eui
518 1557 660 1631 adhaeret,
684 1561 737 1620 aut
759 1557 790 1619 in
813 1557 909 1621 altero
931 1556 1124 1621 hemistichia
1149 1555 1234 1637 posi-

183 1665 248 1725 tum
273 1667 319 1727 est
340 1668 393 1726 aut
417 1667 591 1745 sequentem
616 1683 737 1728 versum
759 1665 868 1745 incipi-t
889 1653 937 1738 (ut
958 1665 991 1727 in
1013 1667 1069 1728 sat.
1095 1664 1138 1726 VI
1151 1684 1178 1726 v.
1191 1666 1234 1729 25

188 1769 386 1833 Commeatum
418 1776 524 1835 tanuen
555 1776 584 1836 et
600 1776 737 1852 pactum
759 1777 789 1835 et
811 1771 983 1852 sponsalia
1005 1776 1079 1836 nost
1080 1793 1120 1834 ru
1146 1771 1234 1834 Tem-

178 1882 308 1958 pestate
324 1899 493 1958 parasr
454 1881 506 1942 cfr.
518 1880 600 1946 XIV
615 1881 755 1963 armet
777 1881 821 1944 sic
842 1881 936 1957 lutcus,
960 1881 1011 1962 qui
1034 1881 1064 1943 in
1090 1885 1146 1943 sat.
1125 1879 1234 1942 tXIV

184 2006 239 2050 av.
258 1992 294 2051 1ss
318 1988 366 2050 nis
389 1987 487 2050 verbis
510 1988 639 2068 scriptus
662 1990 725 2050 est:

225 2095 342 2158 Mitem
365 2096 510 2157 animum
533 2099 563 2158 et
584 2116 687 2159 mores
709 2096 844 2159 modieis
867 2098 1033 2159 erroribus
1056 2114 1163 2178 aonios

228 2202 384 2283 Praecipit
406 2206 501 2285 atque
523 2206 653 2267 animas
674 2224 840 2268 seruorum
862 2209 892 2266 et
914 2225 1052 2284 corpora
1074 2207 1190 2267 nostra

227 2310 376 2394 Materia
398 2315 547 2375 constare
563 2316 665 2392 putat
681 2313 884 2394 paribusque
907 2311 1069 2376 elementis

185 2416 399 2499 accipi'debet.
445 2422 616 2484 Pronomen
639 2421 719 2484 enim
737 2425 859 2493 nostru,
883 2421 962 2502 quod
987 2420 1160 2502 Madvigius
1184 2422 1233 2483 at-

184 2526 257 2607 tigit
279 2534 390 2608 (opusc.
419 2548 445 2609 p.
475 2533 515 2592 58
540 2524 575 2591 ’in
609 2530 702 2605 notul,
739 2530 775 2592 ad
810 2529 1043 2600 substantivum,
1077 2528 1154 2608 quod
1186 2531 1235 2591 est

186 2635 333 2710 materia,
358 2635 460 2698 referri
484 2637 573 2700 debet
586 2638 659 2719 (non
673 2636 822 2700 Materia
830 2638 1034 2718 paribusque
1046 2635 1233 2716 etenteutis),

188 2742 264 2822 quod
289 2743 332 2805 ita
356 2762 421 2807 esse
441 2745 505 2821 jam
529 2744 599 2806 inde
623 2745 731 2819 elucet,
766 2746 844 2825 quod
877 2745 1035 2825 genetivus
1057 2745 1137 2807 inter
1160 2745 1235 2807 duos

186 2850 372 2913 accusativos
395 2853 464 2914 ante
486 2852 667 2931 particulam
697 2852 900 2933 copulativam
929 2852 1125 2932 interpositus
1149 2851 1234 2927 (aui-

184 2977 256 3020 mus
288 2952 454 3021 seuu'arum
487 2963 517 3021 et
550 2961 701 3040 corpora)
735 2961 812 3039 apud
847 2961 1042 3034 iuvenalem,
1085 2959 1137 3040 qui
1172 2959 1234 3021 fere

187 3064 297 3144 ubique
320 3067 399 3128 hunc
422 3066 579 3129 verborum
603 3066 736 3129 ordinem
760 3065 893 3142 adhibet,
911 3069 954 3128 ad.
971 3069 1133 3146 utrumque
1155 3066 1234 3129 refe·

185 3172 295 3234 reudus
318 3177 373 3236 est.
404 3174 439 3236 In
462 3174 556 3236 satira
572 3191 642 3236 vero
652 3174 744 3237 XIII:
772 3174 862 3254 Quas
885 3178 915 3238 et
941 3172 1101 3236 Cadistus
1121 3175 1235 3254 prauis

189 3279 312 3341 inuenit
336 3285 365 3343 et
387 3280 663 3357 Rhadamanthus
685 3285 725 3359 (v.
744 3286 824 3362 197),
848 3282 899 3344 ubi
922 3282 1096 3363 ambigitur,
1131 3285 1236 3345 utrum

190 3387 381 3468 adjectivum,
416 3391 494 3470 quod
519 3393 565 3453 est
585 3390 707 3470 prauis,
741 3391 778 3452 ad
802 3389 968 3454 Caedicium
991 3408 1029 3453 an
1051 3390 1089 3451 ad
1113 3389 1235 3453 Rhada-

189 3498 274 3557 mant
261 3495 348 3557 thum
372 3497 530 3577 pertineat
566 3498 591 3560 si
623 3499 702 3560 hune
730 3497 857 3560 locum
855 3518 923 3560 cum
947 3503 995 3561 sat
995 3497 1048 3559 irae
1071 3497 1184 3578 qurntae
1207 3516 1235 3558 v

190 3602 290 3681 titi?
265 3602 368 3681 Quum
383 3603 500 3686 fante
502 3603 628 3667 tlTut'
612 3629 628 3667 a
661 3625 775 3668 census
802 3607 983 3686 pupuaais
979 3609 1027 3668 et
1014 3604 1150 3680 tAuei,
1184 3603 1236 3666 ubi

187 3709 277 3772 verba
301 3711 393 3774 simiil
418 3713 505 3775 modo
528 3713 588 3775 dist
591 3714 688 3776 ributa
672 3718 789 3785 asunt
813 3713 1094 3794 comparaverimus,
1122 3713 1236 3792 prucis

188 3817 224 3878 ad
249 3816 412 3881 Cadiainm
448 3820 637 3884 referendum
672 3840 738 3885 esse
773 3822 936 3884 verisimile
960 3822 1023 3884 erit.
1067 3820 1237 3900 Pupnuais

187 3924 267 3986 enim
297 3947 365 3988 cum
392 3926 479 3989 Tulli
508 3929 700 4011 jungendum
734 3934 781 3993 est
814 3931 867 3992 cfr.
890 3930 974 4010 Virg.
997 3930 1073 3993 Aen
1098 3929 1151 4002 VI,
1172 3931 1237 3994 815
1270 3985 1273 3991 .

188 4029 387 4116 Residesque
409 4037 544 4099 mauebit
570 4037 685 4100 Tuitus
706 4039 743 4101 in
774 4059 868 4101 arma
896 4039 992 4108 uiros,
1028 4056 1124 4118 neque
1157 4037 1237 4118 apud

189 4139 369 4205 Juvenalem
405 4145 535 4208 alterum
570 4150 600 4208 et
633 4146 688 4208 ulli
722 4146 787 4209 eius
817 4146 954 4224 membri,
988 4147 1067 4226 quod
1089 4145 1236 4226 adjungit,
1327 4207 1330 4214 .
