2694 4582
591 276 633 326 De
653 275 758 342 ellipsi.
1134 279 1192 342 137

149 480 261 544 Jahnio
296 486 453 561 tamquam
485 481 607 564 spurius
634 479 760 554 tollitur,
795 479 957 541 desiderari
992 497 1050 542 non
1080 482 1196 560 potest3

149 605 247 667 aeque
269 590 338 668 post
359 587 531 666 relinques,
565 605 602 649 ne
632 587 667 649 de
698 586 839 649 insolenti
869 587 972 648 sutum
995 589 1129 666 tempore
1153 587 1197 650 sic

149 693 247 773 posito
269 695 375 774 dinam,
399 697 510 775 punctu
520 693 615 757 incidi
626 696 735 778 potest.
781 691 976 755 Heinrichius
999 693 1196 777 participium

149 800 337 882 relinquens
369 803 527 882 punensf
512 792 639 864 formam
664 819 682 863 a
703 799 862 864 Jurenalis
884 800 1098 880 loquendis
1051 820 1107 864 usu
1137 820 1197 864 non

149 908 686 988 alienamecudneepraestau1ssim0
708 908 739 968 in
763 911 847 970 tenu
870 907 1007 991 ponite
991 907 1196 971 etJuvenalis

149 1016 211 1079 tale
244 1016 437 1100 participium
468 1015 649 1099 imperativo
677 1014 788 1094 saepius
819 1015 960 1097 adJungit
998 1013 1100 1086 (tollas
1123 1015 1197 1078 licet

148 1123 351 1202 :tulletsed
360 1124 465 1198 ferma,
478 1124 549 1203 quia
560 1123 728 1194 sententiae,
737 1141 804 1202 quae
813 1126 874 1185 est:
890 1126 1023 1184 scutum
1034 1121 1195 1202 qiudiurn-

149 1250 210 1310 que
226 1229 421 1309 relinquens,
447 1229 631 1293 condicionis
654 1231 719 1293 loco
744 1229 852 1312 positae
875 1229 1028 1292 sententia
1040 1228 1194 1308 spoliatis

149 1357 244 1400 urnuu
275 1341 453 1417 supersunt
486 1337 623 1418 subjecta
651 1355 718 1399 esse
748 1337 878 1405 videtur,
912 1337 1013 1400 durior
1045 1339 1101 1400 est.
1147 1336 1197 1400 Sia

150 1445 231 1508 enim
254 1445 392 1525 apodusis
415 1445 493 1508 mim
516 1444 798 1506 sententiarumt
753 1450 798 1506 mt
800 1464 832 1506 er
845 1463 876 1507 se
889 1445 1098 1528 oppositarum
1115 1461 1196 1507 eom·

148 1551 250 1633 plexui
272 1551 475 1632 subjungitur.
520 1550 710 1614 Cohaertenia
732 1552 879 1614 sermonis
902 1553 1037 1614 haeet
990 1555 1052 1614 est:
1087 1550 1197 1615 »tollas
1282 1565 1285 1570 ·

149 1659 222 1721 lieet
248 1676 355 1720 aurum
384 1660 473 1737 atque
501 1661 675 1738 argent;um
710 1657 735 1720 si
759 1663 887 1731 sentum,
917 1659 1061 1739 gladium,
1092 1659 1197 1740 janula

148 1765 316 1846 reliqueris,
339 1783 423 1827 arma
444 1765 482 1826 iis
506 1769 731 1844 supererunt,e
717 1764 817 1827 ethis
840 1765 932 1828 armis
946 1764 1197 1846 1uJuuamb0nu·

149 1891 217 1934 rum
255 1871 440 1951 direpturum
478 1871 583 1934 ulcisci
617 1872 834 1947 curabuntur<
877 1872 1074 1953 quamobrem
1107 1872 1198 1934 verba

148 1983 275 2042 scuturn
295 1977 506 2058 qiudiurnque
528 1997 597 2058 sqq.
621 1979 861 2042 enunciationem
886 1980 1019 2063 priorem
1032 1979 1197 2042 continent.

149 2086 214 2149 Aut
236 2085 400 2165 relinques
427 2088 481 2149 aut
501 2085 671 2165 relinquus
703 2087 866 2167 legendum
897 2089 953 2149 est.
1008 2087 1067 2151 Ubi
1095 2089 1198 2150 autem

150 2195 301 2256 sententia
329 2193 507 2255 secundaria
535 2193 739 2256 condicionem
763 2195 904 2266 eontinet,
937 2213 1087 2274 nusquam
1117 2194 1199 2277 apud

149 2300 339 2378 Juvenalem,
373 2301 517 2381 praesenti
547 2305 684 2382 tempure
706 2300 739 2362 in
762 2303 913 2364 sententia
934 2301 1077 2383 primaria
1099 2300 1198 2380 posito

82 2442 84 2447 ·
149 2409 260 2488 (urrnu
274 2411 476 2487 supersunt),
499 2407 531 2469 in
554 2407 732 2470 secundaria
754 2407 891 2470 futurum
914 2397 1039 2492 templis
1062 2409 1197 2492 ponitur,

149 2515 344 2596 quamobrem
366 2514 530 2593 relinques
552 2534 612 2577 non
634 2514 768 2594 praeferri
790 2514 888 2589 debet,
913 2517 966 2577 sed
988 2535 1082 2595 quum
1097 2515 1130 2577 in
1142 2515 1198 2578 tali

149 2623 302 2685 sententia
338 2621 523 2704 conjunctivi
563 2622 659 2685 altera
697 2621 855 2702 praesentis
888 2622 1035 2706 temporis
1068 2639 1197 2702 persona

147 2729 250 2792 erebro
272 2732 401 2810 ponatur
411 2730 444 2806 1),
467 2728 629 2802 ΧοΧΧΧΧΧΧΧΧΧΧ,
653 2729 704 2809 qui
725 2726 896 2806 relinquas
918 2728 1040 2804 habent,
1075 2729 1195 2792 obtem·

147 2836 314 2919 perandum
336 2838 391 2904 est,
415 2837 446 2898 et
468 2835 596 2898 conferri
619 2839 722 2918 potest
745 2839 802 2903 sat.
815 2838 893 2900 XIII
913 2857 939 2900 v.
956 2837 1016 2902 217
1035 2834 1197 2899 Ostendus

146 2942 270 3014 meiius,
295 2942 490 3005 densissirnu
512 2962 597 3023 ruqu
620 2943 759 3024 Ooqitur
781 2946 818 3007 iu
832 2943 988 3027 frontem,

233 3050 269 3112 ΙΧΧ
292 3049 386 3112 satira
407 3055 498 3124 sexta,
523 3068 580 3131 quo
602 3051 668 3114 loeo
692 3072 719 3115 a.
743 3073 769 3115 v.
793 3055 855 3118 206
880 3053 1083 3135 transcripta
1106 3052 1195 3113 suut:

233 3200 272 3264 Si
294 3201 352 3263 tibi
373 3200 569 3280 simplieitus
591 3204 720 3280 uxorin,
744 3203 872 3267 deditus
893 3205 953 3266 uni

231 3307 293 3370 Est
316 3309 457 3385 uniusne,
480 3311 642 3374 surnrnr'ite
665 3315 764 3391 euput
785 3312 904 3374 neruiue
921 3315 1051 3391 purutu

231 3415 334 3479 Ferre
350 3416 479 3497 juqurn.

171 3634 191 3697 1Χ
210 3631 470 3700 Frequentissimus
499 3638 544 3684 est
573 3631 647 3683 enim
674 3631 749 3697 apud
776 3632 943 3686 Iuvenalem
977 3633 1026 3685 ille
1060 3632 1195 3698 loquendi

214 3732 292 3782 usus,
321 3716 406 3781 quod,
433 3715 578 3768 indicatIvi
606 3717 740 3781 praesenti
768 3723 896 3784 tempore
923 3718 951 3768 in
977 3718 1118 3770 sententia
1141 3718 1197 3784 pri·

212 3801 301 3853 maria
318 3801 424 3866 posito,
454 3801 482 3851 in
501 3799 653 3865 sent-entia,
682 3815 744 3866 quae
764 3801 958 3854 condicionem
977 3802 1114 3867 annectit,
1141 3817 1197 3854 non

214 3885 281 3951 quia
301 3883 476 3936 condicionis
495 3883 568 3936 ratio
589 3885 795 3950 conjunctivum
813 3887 949 3951 requirat,
975 3885 1027 3938 sed
1046 3886 1112 3951 quia
1131 3902 1196 3938 con-

207 3968 329 4037 junctivi
348 3968 473 4035 ponendi
493 3982 595 4020 caussa
609 3967 637 4019 in
648 3969 773 4021 secunda
783 3985 906 4036 persona
915 3970 1002 4035 inest,
1023 3969 1196 4034 conjunctivi

213 4053 339 4106 secunda
366 4052 516 4119 praesentis
544 4053 681 4118 temperis
708 4068 831 4120 persona
858 4055 986 4119 ponitur:
1024 4053 1077 4119 XI,
1105 4056 1137 4110 16
1166 4051 1199 4106 si

211 4138 331 4204 attendas,
346 4141 435 4202 juvant
454 4136 502 4188 cfr.
521 4135 554 4203 X,
576 4139 631 4192 142.
653 4137 705 4204 Ill,
725 4140 792 4208 2973
812 4139 884 4206 XIV,
902 4139 961 4193 231.
