2694 4582
162 261 223 324 126
605 258 647 310 De
667 256 772 325 ellipsi.

160 461 240 543 quod
262 460 459 524 Heinrichius
490 460 585 525 forma
614 460 745 524 nominis
776 459 841 524 sola
870 467 1040 527 commotus
1068 464 1211 544 affirmat,

158 567 375 650 Hispaniensis
398 567 511 631 mulier
533 570 598 642 est,
637 569 760 650 signum
781 567 1029 650 interrogationis
1051 574 1120 652 post
1141 571 1208 655 saf-

150 675 223 759 flea
245 674 327 739 male
349 675 480 756 ponitur,
504 676 549 739 sic
571 675 654 738 enirn
677 675 824 739 Hiberina
845 676 999 758 pudicitiae
1021 678 1121 741 dubiae
1144 697 1211 743 csso

156 784 278 854 dicitur,
304 783 383 864 quod
405 781 560 863 pudicitiae
583 783 755 863 exemplum
769 783 904 864 positum
917 802 999 859 esse,
1023 785 1120 849 oratio
1143 786 1210 867 ipsa

157 890 280 954 indicat.
307 889 428 971 Longas
441 889 478 952 de
493 889 640 953 Hiberina
651 890 794 970 ambages
809 892 963 971 praeterire
975 893 1056 956 malo
1069 911 1160 974 quarn
1174 895 1210 957 de

157 1016 190 1062 re
202 998 318 1062 incerta
331 997 449 1060 incerta
460 997 554 1078 loqui,
577 997 629 1061 scd
643 997 791 1078 quomodo
806 998 995 1061 demonstrat
1007 999 1211 1076 Heinrichius,

157 1106 209 1189 qui
231 1106 323 1170 verba
351 1103 443 1169 Unus
464 1103 635 1168 Hiberinae
663 1105 716 1167 oin
737 1103 859 1189 sufficit
885 1108 1029 1171 Postumo
1060 1107 1210 1183 attribuit,

156 1214 292 1296 primum
314 1211 447 1276 Ibericas
469 1211 599 1280 feminas
629 1215 727 1276 castas
751 1213 860 1290 fuisse,
894 1214 1003 1276 deinde
1026 1232 1210 1278 commemo-

156 1321 418 1396 rationisearum
442 1321 588 1383 Postumo
611 1338 669 1382 non
700 1320 929 1401 peregrinarum
951 1321 1133 1384 sarcinarum
1157 1322 1210 1385 scd

159 1429 362 1492 Romanarum
375 1426 549 1490 castitatem
562 1425 737 1490 defendenti
749 1428 781 1489 in
792 1430 926 1491 mantem
940 1427 1040 1490 venire
1052 1427 1210 1508 potuisse?

156 1535 206 1600 An
229 1536 411 1598 Postumum
435 1534 585 1598 Ibericam
618 1533 776 1596 mulierem
802 1536 966 1598 ducturum
988 1534 1099 1616 fingit?
1143 1535 1210 1599 Hoc

156 1645 279 1707 tantum
296 1641 386 1704 dicit:
412 1642 534 1704 »erebra
555 1642 586 1704 in
599 1641 744 1722 sepulcris
766 1640 834 1704 laus
856 1642 1033 1705 t'eminarum
1057 1646 1120 1705 cst:
1142 1643 1208 1705 uni·

156 1750 294 1825 vicaldo
318 1749 419 1812 viduis
442 1749 536 1830 igitur
559 1748 695 1828 cogitat).
732 1748 798 1811 Hoc
821 1749 886 1811 loco
909 1748 990 1811 aliud
1013 1754 1103 1829 poeta
1125 1749 1208 1812 vult:

156 1857 338 1921 Hiberinam
367 1855 538 1918 adulteram
569 1874 631 1918 non
653 1854 755 1918 fora«.
795 1857 848 1918 sed
876 1857 955 1919 unde
979 1858 1035 1919 boc
1057 1854 1208 1919 affirmare

156 1966 275 2028 audet?
322 1962 411 2040 Quod
444 1963 524 2024 enim
557 1961 655 2040 addit,
697 1962 818 2025 Horatii
848 1962 1021 2026 libertinam
1057 1983 1114 2026 non
1147 1982 1207 2027 uno

156 2071 329 2130 contentam
353 2067 465 2148 fuisse,
489 2069 565 2131 nibil
590 2070 627 2131 ad
650 2069 805 2132 Hiberinae
827 2069 1004 2150 pudicitiam
1028 2070 1153 2144 confert,
1176 2082 1207 2134 ot

155 2173 304 2237 Iberioam
328 2175 486 2238 mulierem
521 2157 673 2239 11101110
707 2180 883 2240 contentam
913 2177 1050 2258 11111101),
1086 2178 1207 2241 demon·

156 2283 316 2344 strandum
340 2286 413 2346 erat.
458 2284 554 2345 Poeta
570 2283 665 2364 igitur
687 2283 744 2346 hoc
767 2302 886 2365 quoque
910 2285 975 2347 loco
998 2285 1098 2348 omnia
1121 2285 1205 2361 dicit,

154 2406 252 2468 neque
280 2389 358 2453 alius
387 2390 545 2471 quisquam
577 2391 886 2471 loquensinducitur,
924 2392 1121 2472 quamobrem
1145 2392 1205 2455 dia·

157 2493 246 2576 logus
272 2496 442 2559 Heinrichii
466 2497 532 2560 tolli
555 2498 654 2561 debet.

239 2602 275 2664 in
299 2604 392 2667 satira
415 2605 526 2685 priona,
561 2605 613 2667 ubi
637 2611 726 2686 poeta
756 2605 899 2669 clientem
931 2605 1096 2685 sportulam
1121 2605 1205 2669 uxori

180 2809 548 2818 ᾖ...
889 2812 1047 2818 ——q
1051 2812 1113 2817 ψ.»
1119 2813 1196 2817 .—

184 2957 202 3022 1)
220 2958 263 3010 Α1
282 2959 355 3012 hunc
366 2959 473 3012 Valerii
489 2960 586 3013 Flacci
605 2960 698 3013 locum
718 2961 875 3013 attendam:
899 2962 944 3012 Gai
963 2962 1033 3011 vades
1050 2962 1149 3027 Hibero,
1168 2962 1206 3011 101

221 3043 280 3092 miti
295 3044 334 3093 oei
349 3063 413 3094 soevo
436 3049 520 3111 coaJ'na
543 3063 589 3095 non
612 3062 660 3095 nna
687 3045 777 3096 Gelono
805 3044 891 3110 (VIII,
911 3047 985 3111 233);
1014 3045 1204 3098 Asiaticorum

222 3125 308 3192 igitur
326 3127 496 3182 Hiberorum
521 3128 639 3181 feminas
659 3145 714 3182 uno
742 3127 801 3181 viro
823 3135 969 3182 contentas
988 3129 1092 3195 fuisse,
1116 3135 1204 3196 poeta

218 3208 313 3276 lepide
340 3212 445 3265 dixisse
473 3218 582 3279 potest,
611 3219 640 3265 et
658 3228 720 3264 eum
739 3212 767 3264 in
785 3217 934 3279 poetarum
959 3212 1039 3265 libris
1059 3220 1202 3266 versatum

219 3292 318 3361 fuisse,
337 3296 418 3348 multi
432 3297 489 3349 loci
499 3296 610 3350 docent.
640 3296 770 3362 vestigia
786 3295 950 3349 imitationis
971 3311 1081 3362 quoque
1103 3296 1202 3350 crebro

219 3378 406 3447 inveniuntur,
427 3381 481 3433 sic:
501 3381 592 3447 XL82
611 3381 678 3432 Sicci
695 3391 762 3446 10190
779 3381 830 3430 sais
848 3399 906 3430 raro
920 3382 1050 3446 pendentia
1067 3391 1134 3432 crate
1152 3381 1202 3434 ci't'.

220 3460 303 3516 Ovid.
321 3464 391 3517 Met
420 3464 494 3532 VIII,
514 3469 564 3522 649
601 3465 708 3517 Sordida
726 3475 794 3530 terpa
818 3467 869 3515 sais
888 3467 955 3532 niqra
969 3467 1099 3532 pendentia
1121 3467 1201 3532 tipao3

219 3544 252 3613 V,
272 3549 321 3602 139
339 3548 430 3598 Nullus
449 3550 493 3599 tibi
507 3551 627 3614 parvulos
651 3549 709 3599 ania
726 3550 824 3599 Luserit
840 3550 936 3600 AEneas
955 3552 1005 3602 cfr.
1026 3550 1104 3617 Virg.
1126 3552 1199 3603 Aen.

219 3628 267 3696 IV,
287 3633 338 3687 238
357 3631 389 3682 Si
406 3634 459 3696 qnia
477 3635 535 3684 mibi
548 3634 668 3699 parvulus
686 3633 745 3683 ania
762 3633 868 3692 auderet
884 3633 996 3698 AEneas3
1015 3634 1065 3699 III,
1085 3635 1117 3689 70
1135 3633 1201 3685 Hia-

219 3719 264 3766 tus
293 3715 320 3767 in
339 3716 457 3770 vocibus
477 3717 552 3768 Samo
571 3719 609 3768 110
636 3717 711 3785 apud
728 3716 877 3784 Virgilium
904 3717 932 3769 iu
959 3717 1059 3771 iisdem
1083 3717 1201 3771 vocibus

218 3797 358 3852 invenitur
369 3802 450 3864 (Aen.
458 3805 484 3866 2,
496 3804 554 3869 67);
574 3802 660 3856 verba
672 3803 776 3852 Tantam
790 3802 947 3852 medicamina
960 3812 1060 3867 poseant
1070 3802 1129 3868 (VI.
1138 3803 1199 3866 595)

217 3882 246 3934 in
257 3882 373 3937 Metam.
394 3884 457 3937 libr.
477 3885 538 3953 VII,
563 3903 587 3940 1.
606 3889 655 3952 lid
674 3886 806 3953 leguntur
830 3886 891 3939 sml.
910 3915 942 3925 -
961 3888 1080 3938 Hiberiae
1098 3900 1200 3939 nomen

217 3967 391 4035 dictumest,
420 3975 449 4022 et
473 3977 562 4036 poeta
579 3970 693 4024 nomina
723 3970 750 4022 in
777 3972 819 4021 iao
838 3971 971 4024 exeuntia
990 3971 1095 4037 saepius
1120 3969 1202 4036 pouit

219 4051 272 4118 (sic
298 4051 418 4103 Venusina
441 4053 488 4121 Vl,
517 4056 587 4121 167),
606 4055 657 4107 sed
683 4054 717 4108 de
742 4054 851 4122 origine
878 4054 954 4109 vocis
979 4055 1024 4106 vix
1047 4053 1200 4120 quidquam

218 4135 290 4189 certi
309 4137 403 4190 afferri
421 4145 528 4211 potest
