2694 4582
570 320 613 372 De
633 318 739 385 ellipsi.
1068 339 1071 344 ·
1119 321 1176 382 117

130 523 246 587 tabere
261 523 423 604 pudorem
453 521 570 585 dictum
591 522 754 586 invenitur.
805 521 964 585 Sententia
992 521 1087 604 igitur
1117 541 1184 585 ver·

130 632 237 695 borum
259 633 325 694 haec
347 635 410 694 est:
444 631 562 711 quando
596 630 662 692 alea
689 630 783 692 talem
813 629 1036 710 impudentiam
1063 630 1181 712 habuit,

131 739 252 820 qualem
276 758 356 802 nunc
383 737 513 800 habeti«
551 734 585 799 et
611 755 675 799 cani
706 737 773 818 Iege
803 737 945 819 neglecta
972 755 1078 800 omnes
1109 737 1183 801 fines

131 863 286 927 egressam
310 864 388 924 esse,
413 863 518 908 versus
542 847 703 924 sequentes
726 843 802 906 satis
825 845 944 907 docent.

220 953 353 1015 Verbum
378 952 495 1025 deinde,
518 952 598 1032 quod
620 954 667 1014 est
689 951 842 1030 inquit1),
872 951 985 1032 partim
1003 952 1054 1014 ubi
1072 952 1184 1015 oratio·

162 1258 179 1322 ¹)
197 1257 251 1310 Pro
270 1256 357 1309 verbo
376 1258 473 1320 inquam
498 1257 585 1321 (quod
605 1259 728 1310 orationi
748 1257 881 1324 directae,
910 1257 1042 1323 subjecto
1061 1272 1117 1309 non
1137 1255 1184 1308 ad·
1242 1325 1245 1331 ἡ

203 1341 271 1406 dito,
289 1355 427 1406 nusquam
447 1355 464 1392 a
482 1340 614 1392 Iuvenale
633 1341 825 1407 postponitur,
846 1340 894 1394 cfr.
923 1341 1003 1393 ovid.
1021 1341 1090 1393 Met.
1108 1340 1184 1406 VIII,

201 1428 262 1490 281)
290 1425 365 1491 apud
384 1424 559 1489 Iuvenalem,
588 1431 619 1476 ut
639 1425 714 1491 apud
742 1426 853 1492 priores
882 1425 1012 1488 (Horatio
1043 1426 1185 1490 excepto),

202 1510 316 1562 verbum
338 1509 450 1561 dicendi
479 1525 536 1561 non
565 1510 656 1562 solum
676 1511 741 1575 poni
772 1511 822 1562 sed
848 1509 972 1562 orationi
1001 1508 1118 1560 alterius
1138 1515 1186 1559 aut

202 1595 293 1647 solum
325 1600 374 1645 aut
401 1593 530 1660 subjecto
556 1593 654 1645 addito
681 1589 826 1659 interponi
857 1608 984 1659 quoquc,
1015 1593 1186 1658 frequentis-

203 1679 302 1741 simum
321 1685 378 1730 est:
408 1678 453 1741 IV,
473 1680 505 1733 65
525 1679 623 1743 Accipe,
642 1679 712 1740 dixit,
730 1680 834 1742 privatis
851 1680 945 1728 maiora
955 1680 1041 1748 focis,
1070 1678 1116 1741 VI,
1136 1679 1185 1732 145

207 1764 297 1828 Collipe
314 1763 468 1825 sarcinulas,
493 1762 553 1811 dicet
571 1758 675 1828 libertus,
695 1773 716 1812 at
734 1764 780 1827 exi,
800 1763 863 1828 XII,
882 1765 914 1818 37
933 1764 1037 1813 Fundite
1059 1781 1111 1827 quce
1133 1780 1185 1812 mea

202 1857 264 1910 sunt,
283 1847 383 1911 dicebat,
402 1856 493 1911 cuncta,
518 1847 635 1913 Catullus,
655 1847 705 1899 sed
717 1848 808 1900 minus
822 1848 947 1913 vulgans
966 1853 1012 1900 cst
1032 1847 1081 1913 ille
1101 1847 1185 1899 huius

160 1947 168 1956 ³
201 1931 278 1983 verbi
297 1946 374 1996 usuc,
395 1931 484 1996 qnod,
504 1931 552 1983 ubi
573 1931 611 1996 is,
632 1931 679 1996 qui
699 1932 834 1998 quuitur,
855 1933 1047 1985 adversarium
1067 1933 1187 1998 fingens,

204 2030 266 2080 quea
287 2015 321 2066 ab
342 2014 505 2067 adversario
526 2016 668 2067 contraria
687 2015 742 2067 dici
762 2033 847 2083 posse
867 2024 962 2084 putat,
983 2019 1045 2084 ipse
1065 2017 1185 2084 profert,

204 2101 265 2153 sine
287 2106 364 2151 certo
385 2099 515 2164 subjecto
526 2099 757 2166 impersonaIIter
775 2102 899 2167 ponitur.
929 2103 1013 2168 Apud
1025 2100 1186 2153 Iuvenalem

204 2190 325 2250 quatuor
343 2183 416 2235 IocIs
435 2184 495 2236 haec
513 2183 648 2248 loquendi
667 2185 756 2236 forma
776 2187 900 2238 occurrit
916 2189 977 2251 (ci'r.
996 2185 1063 2238 Hor.
1084 2185 1145 2240 Sat.
1164 2185 1187 2250 Ι,

203 2270 228 2334 3,
249 2269 311 2333 126,
331 2272 361 2334 4,
380 2269 426 2332 79;
454 2268 616 2334 11,a‚99)‚
644 2270 694 2321 sed
714 2271 738 2321 si
757 2284 816 2322 rem
836 2271 997 2322 accuratius
1016 2268 1184 2322 tractaveri-
1280 2334 1282 2338 v

204 2368 280 2418 mus,
307 2352 367 2403 haec
387 2352 518 2418 exempla
536 2368 590 2405 non
616 2354 697 2405 unius
717 2355 830 2420 generis
857 2368 920 2407 esse
947 2354 1115 2407 uidebimus.
1153 2353 1186 2404 In

205 2439 294 2490 satira
313 2437 431 2501 decImn,
451 2437 500 2488 ubi
519 2443 605 2502 poeta
624 2440 755 2504 pericula
779 2439 1000 2506 pulchritudinis
1021 2452 1186 2490 commemo-

204 2529 316 2574 raturus
337 2535 361 2573 a.
382 2537 407 2572 v.
428 2523 478 2575 289
497 2521 559 2574 haec
578 2521 661 2573 dicit:

290 2658 401 2706 Formam
420 2667 485 2721 optat
503 2657 592 2707 modico
609 2660 690 2721 pueris
708 2661 797 2725 rnaiore
812 2658 901 2723 puellis

290 2741 421 2807 Murmure,
439 2760 507 2805 mrum
533 2742 630 2792 Veneris
640 2745 730 2806 fanum
747 2743 811 2792 videt
829 2743 907 2792 anxia
924 2752 1008 2806 mater,

294 2827 373 2890 Usque
390 2826 426 2876 ad
442 2826 674 2879 deliciasvotorum.
716 2829 764 2879 Cur
783 2838 867 2888 tamen,
887 2829 971 2893 inquit,

295 2912 436 2975 Corripios?
456 2911 565 2960 Pulclrra
581 2912 669 2975 pandet
686 2913 784 2962 Latona
802 2913 896 2964 Diana,

205 3046 334 3112 verbum,
364 3046 438 3111 quod
457 3052 502 3098 est
519 3048 611 3111 inquit,
640 3048 737 3100 fictum
756 3048 948 3101 adversarium
968 3051 1034 3112 (non
1053 3047 1183 3110 matrem)

205 3131 246 3184 ita
263 3131 377 3192 inducit,
396 3137 428 3182 ut
446 3146 502 3182 non
522 3131 555 3182 de
577 3138 654 3183 certa
672 3147 796 3198 persona
816 3133 866 3184 sed
886 3133 919 3186 de
938 3131 1077 3186 communi
1097 3130 1186 3182 honri-

205 3231 270 3267 num
289 3216 422 3282 opinione
449 3216 604 3281 cogitetur,
632 3224 661 3269 et
689 3217 788 3270 cadem
817 3224 862 3269 est
889 3217 1009 3270 alterius
1034 3215 1091 3268 Ioci
1111 3215 1184 3268 ratio

205 3300 288 3366 (XIV,
309 3304 379 3366 151),
400 3315 494 3352 verum
514 3301 542 3350 in
562 3301 648 3352 tertia
667 3303 769 3368 satira,
796 3317 850 3366 quo
871 3302 934 3355 Ioco
953 3307 1040 3368 poeta
1057 3300 1185 3353 hommes

206 3385 301 3438 Romae
322 3400 417 3450 censu,
437 3400 491 3436 non
510 3385 613 3436 virtute
633 3399 724 3451 neque
743 3387 868 3449 meritIs,
889 3385 1025 3439 aestimari
1045 3385 1150 3437 docens
1170 3398 1187 3435 a

205 3484 229 3521 v.
248 3471 297 3524 152
314 3469 367 3521 hos
386 3483 484 3521 versus
504 3469 631 3535 scripsit:

292 3603 337 3655 Nil
355 3605 423 3654 tates
439 3605 526 3669 infelix
540 3615 676 3670 paupertas
695 3605 777 3655 durius
796 3608 864 3656 inse

296 3691 372 3747 Quam
389 3690 453 3753 quod
469 3690 582 3740 ridiculos
601 3691 704 3740 leonzines
714 3692 791 3754 facit.
827 3691 917 3753 Exeat,
937 3692 1020 3754 inquit,

293 3773 324 3825 Si
336 3775 421 3839 pudor.
432 3786 473 3836 est,
492 3785 514 3824 et
532 3775 561 3824 de
575 3776 676 3840 puluino
694 3784 779 3841 surpat
796 3776 907 3840 equestri,

297 3859 369 3909 Cuius
387 3877 425 3909 res
445 3860 492 3925 lepi
508 3878 552 3909 non
570 3861 670 3925 sufficit,
688 3869 710 3909 et
727 3860 825 3910 sedeant
843 3860 881 3909 ln'c

291 3945 411 3994 Lenonum
427 3947 499 4010 pueri
514 3963 651 4010 quocumque
668 3947 692 3996 in
702 3946 799 4009 fornice
817 3947 878 3997 nati.

291 4030 340 4079 Hic
355 4029 461 4094 plaudat
479 4029 550 4079 nitidi
564 4032 683 4095 preconis
693 4031 769 4095 filius
786 4033 847 4081 inter

293 4113 427 4179 Pinnirapi
442 4115 516 4164 cultos
526 4119 627 4181 J'uvenee
642 4119 782 4179 juvenesque
800 4116 909 4165 lanista:

294 4198 335 4250 Sic
354 4200 442 4250 libitum
460 4217 532 4265 uano,
552 4201 594 4263 qul
610 4217 651 4250 nos
669 4199 789 4265 distinxit,
815 4199 908 4250 Otlroni.
