2694 4582
424 277 467 331 lle
487 276 624 331 liberiore
642 277 790 331 verborum
808 277 913 346 positu.
1148 281 1190 346 59

141 483 199 566 pit,
233 481 286 566 qui
319 482 414 548 totius
442 480 605 559 sententia
635 482 700 546 vieo
721 483 851 565 fungens
873 501 1013 548 caussam
1035 483 1190 566 sequentis

140 591 244 659 luobus
271 593 363 673 atque
384 589 531 654 moeroris
560 589 690 672 exponit
733 589 792 656 Ubi
825 595 929 655 autem
962 592 1020 655 dno
1053 591 1189 656 membra

143 697 408 782 conjunctionibus
430 701 512 779 etet,
533 696 646 761 oelael
662 697 843 780 junguntur,
877 700 1048 781 praepositio
1071 719 1190 781 semper

141 807 327 889 repetitnr1).
355 805 535 888 Prapositio
552 805 689 888 denique,
713 825 780 888 quae
794 808 938 884 osteum,
962 806 1188 888 pronominibus

144 914 247 991 nodie,
271 917 310 988 te,
331 932 367 978 oe
388 913 545 996 suffigitur
566 914 619 978 sed
641 914 811 996 pronomini
835 913 963 979 relativo
984 916 1186 997 anteponitur.

224 1021 376 1086 Adverbia
408 1039 427 1085 a
460 1008 586 1094 verbis,
606 1022 643 1084 ad
677 1041 744 1103 quae
777 1022 941 1103 pertinent,
977 1022 1188 1087 distrahuntur

137 1130 193 1194 illa
225 1130 347 1212 quidem
376 1131 455 1211 apud
488 1127 681 1202 Juvenalem,
722 1133 758 1192 ut
790 1130 868 1211 apud
902 1130 1025 1211 priores.
1064 1131 1187 1194 arbitrio

139 1241 246 1321 poetae,
281 1238 397 1314 eadem,
434 1255 620 1320 quamquam
647 1237 732 1300 nulla
766 1237 795 1300 vi
824 1237 999 1313 efferuntur,
1033 1238 1186 1302 interdum

87 1336 94 1345 ’
138 1346 171 1410 in
192 1345 281 1411 initio
304 1346 352 1410 vel
375 1345 509 1411 clausula
532 1345 750 1408 enuntiationis
776 1348 937 1426 ponuntur,
960 1346 1013 1409 sed
1037 1346 1186 1413 adverbio.

138 1472 207 1536 quae
235 1454 271 1518 ad
306 1453 455 1536 adjectiva
476 1453 524 1517 vel
546 1453 607 1515 alia
629 1452 769 1516 adverbia
791 1453 953 1533 pertinent,
987 1455 1024 1517 ab
1057 1455 1095 1518 iis
1128 1473 1185 1519 non

140 1562 351 1645 seJ'unguntur.
397 1561 545 1625 Aduerbio
575 1563 693 1635 tamen,
731 1579 798 1641 quae
832 1565 904 1625 sunt
936 1563 1056 1643 osopio,
1078 1563 1187 1636 nimio,

137 1668 229 1750 odeo,
250 1669 355 1736 modo.
388 1669 547 1751 adjectivis
579 1667 732 1731 interdurn
766 1668 1034 1749 postponuntur),
1067 1673 1099 1733 et
1132 1671 1186 1734 ad-

138 1776 276 1841 verbium
308 1777 418 1840 minua
450 1777 488 1840 ab
520 1775 680 1858 adjectivo,
713 1777 750 1838 ad
780 1777 858 1857 quod
882 1777 1022 1858 pertinet,
1056 1797 1116 1842 uno
1140 1777 1194 1842 vel·

137 1884 278 1968 pluribus
300 1885 455 1949 vocabulis
476 1884 647 1965 interjeotis
663 1883 819 1947 avellitur:
841 1883 894 1957 Vl,
908 1887 970 1951 620
980 1885 1099 1950 ildinus
1111 1907 1185 1967 erpo

140 2011 274 2066 noceam
308 1993 356 2068 lI,
381 1996 415 2058 71
455 1991 572 2055 Minos
605 1995 652 2055 est
684 1992 821 2054 insanio
854 1994 970 2073 turpis.
1026 1994 1185 2059 Juvenalis

136 2100 264 2184 igitura
278 2101 418 2165 liberiore
440 2100 649 2164 adverbiorum
671 2102 781 2181 positu.
804 2101 856 2182 qui
878 2101 1066 2183 aptioribus
1089 2103 1185 2183 poetis

136 2207 307 2283 adhibetur,
330 2209 392 2272 fore
415 2207 556 2285 abstinet,
581 2211 612 2271 et
634 2208 889 2291 quemadmodum
911 2209 1052 2273 adverbia
1073 2209 1111 2273 ab
1134 2211 1186 2274 ad·

134 2316 259 2399 jootivis
280 2315 329 2380 vel
351 2316 508 2392 adverbiis,
525 2336 558 2379 -a
581 2316 689 2397 quibus
717 2316 798 2397 apud
820 2316 934 2397 priores
961 2317 1059 2399 (boae,
1092 2317 1184 2393 mole,

136 2424 220 2487 mire
241 2424 386 2505 exeeptis)
410 2443 502 2506 quam
535 2423 688 2487 liberrime
723 2425 850 2489 distrahi
884 2425 992 2498 solent,
1031 2445 1087 2489 nori
1124 2426 1184 2490 dis-

140 2532 311 2612 trahuntur,
346 2533 389 2596 sio
422 2531 563 2596 adverbia
594 2534 626 2595 et
661 2530 786 2596 ablativi
821 2532 948 2612 gradum
979 2533 1184 2615 significantes

136 2657 196 2702 non
230 2639 317 2703 modo
350 2657 369 2702 a
402 2639 538 2714 vocibus,
571 2637 681 2720 quibus
714 2639 877 2713 adhaerent,
910 2657 969 2703 non
1000 2640 1185 2705 divelluntur

139 2765 237 2829 neque
259 2747 298 2811 iis
326 2751 556 2829 postponuntur,
590 2747 701 2810 nedum
731 2746 899 2828 postposita
928 2746 1063 2827 pluribus
1091 2747 1182 2811 etiarn

136 2854 259 2918 vocibus
279 2854 448 2936 interJeotis
481 2853 678 2929 divellantur,
710 2854 762 2917 sed
798 2873 834 2916 ne
868 2853 1036 2917 liberiorem
1061 2854 1184 2935 quidem
1267 2903 1273 2918 .

138 2961 289 3044 pedestris
322 2963 465 3026 orationis
497 2962 644 3044 positum,
679 2981 714 3025 ex
743 2981 802 3043 qno
830 2963 941 3044 partim
968 2979 1056 3026 voees
1083 2961 1183 3025 rnrrlto

136 3070 227 3151 atque
244 3069 361 3149 paullo
384 3070 606 3151 comparativis,
641 3070 749 3152 quibus
773 3070 938 3146 adbaerent,
961 3073 1184 3151 postponuntur

136 3183 168 3242 ot
189 3195 261 3241 vooe
291 3174 481 3258 interposita
503 3178 655 3241 interdum
683 3177 902 3252 distrahuntur,
934 3177 1044 3259 partim
1067 3195 1184 3260 praepo·

136 3284 208 3349 sitio
230 3285 309 3349 iuter
331 3284 508 3348 adverbium
531 3286 655 3363 pradum
685 3285 859 3367 significans
882 3290 913 3348 et
936 3285 1183 3366 comparativum,

136 3391 185 3456 oui
207 3392 351 3466 adhaeret,
377 3392 588 3473 interponitur,
621 3393 730 3474 partim
760 3392 910 3469 adverbia,
933 3411 1000 3474 quar
1023 3395 1094 3456 suut
1116 3396 1183 3455 tom

137 3502 169 3564 et
191 3519 296 3582 paam,
319 3499 356 3562 ab
379 3499 546 3581 adjectivis,
569 3500 605 3561 ad
623 3518 689 3580 quoe
705 3499 867 3581 pertinent,
891 3503 1078 3582 separantur,
1096 3503 1183 3581 poeta

135 3605 274 3672 imitatus
297 3609 353 3670 est.

636 3796 1049 3805 ———·———-——..--—·--
1057 3796 1062 3802 .
1078 3796 1108 3803 .—

164 3912 183 3975 ¹)
202 3911 268 3964 Hor.
288 3911 338 3964 Od.
357 3913 378 3977 Ι,
398 3915 439 3978 32,
458 3915 474 3964 2
496 3911 566 3971 Quod
582 3921 603 3960 el
621 3911 681 3960 dunc
698 3912 723 3961 in
745 3929 831 3962 annum
857 3912 926 3962 Woot
943 3920 965 3961 et
981 3911 1070 3976 plures,
1090 3910 1124 3975 11,
1144 3912 1182 3975 11,

205 3998 236 4051 13
256 3996 306 4048 Suo
324 3997 376 4047 alta
394 3997 431 4047 vel
446 3997 548 4062 platano
565 3997 603 4046 ool
620 3996 666 4045 dac
680 3997 749 4061 prino.

163 4081 184 4148 ²)
203 4080 250 4147 Vl,
273 4083 329 4146 188,
350 4086 372 4146 1,
392 4085 416 4146 7,
433 4080 506 4145 XIV,
529 4083 585 4146 113,
604 4079 651 4143 Vl,
671 4083 730 4146 445,
758 4080 807 4148 III,
826 4084 884 4146 254,
913 4079 959 4146 IV,
979 4082 1019 4144 77,
1039 4078 1114 4143 xlll,
1134 4082 1179 4130 atr:

204 4166 238 4226 V,
250 4168 300 4222 129
323 4167 474 4217 Ternerariuo
493 4183 567 4229 voque
584 4166 655 4230 odeo;
682 4164 783 4230 VIABQ
802 4167 905 4217 Deditur
927 4174 1004 4215 autem
1021 4180 1094 4229 arque
1111 4163 1180 4216 adm,
