2694 4582
195 285 255 348 178
416 282 460 334 De
478 282 628 348 infinitivo,
646 282 825 350 imperativo,
845 283 1009 350 participio.

192 504 267 565 uon,
292 491 363 561 nec)
387 486 449 549 iere
473 504 592 567 semper
604 485 778 564 subjiciunt,
802 486 913 568 quique
925 487 956 548 in
970 485 1153 552 affirmative
1166 508 1245 570 prae-

193 592 389 674 cipiendopro
394 593 574 674 imperativo
587 594 770 675 conjunctivi
779 596 945 659 secundam
955 595 1115 677 praesentis
1123 598 1242 678 tempo-

195 699 237 762 ris
260 718 420 779 personam
442 719 509 764 raro
530 703 646 781 ponunt
658 703 690 778 1),
713 701 743 763 in
767 701 896 764 vetando
918 720 937 764 a
958 702 1144 783 conjunctivi
1165 722 1244 784 prae-

193 807 272 869 senti
305 810 440 889 tempore
474 808 537 871 fere
571 806 772 881 abstinentb,
796 808 849 870 sed
884 808 1055 871 satirarum
1076 811 1242 890 scriptores

192 913 249 977 boc
273 916 395 994 tempus
417 934 528 996 ponere
550 917 663 978 amant.
720 914 876 978 Pedestris
899 915 1043 978 orationis
1067 917 1187 979 autores
1209 917 1243 979 in

143 1076 146 1081 .
173 1021 321 1103 persona
356 1019 488 1084 secunda
519 1022 670 1104 generalis
693 1023 822 1104 subjecti
856 1021 921 1084 Ioco
954 1022 1026 1084 ficta
1059 1021 1243 1103 conjunctivi

190 1147 324 1210 praesens
336 1131 497 1209 tempuset
508 1129 539 1191 in
551 1129 734 1192 affirmative
746 1129 1006 1210 praecipiendopro
1015 1127 1197 1209 imperativo
1209 1130 1241 1192 et

189 1236 221 1299 in
244 1236 373 1298 vetando
395 1253 449 1315 pro
472 1236 656 1318 conjunctivi
678 1237 781 1300 futuro
805 1238 908 1299 exacto
920 1253 1031 1316 ponere
1054 1238 1162 1299 notum
1184 1239 1242 1312 est,

189 1343 270 1424 quod
291 1342 434 1424 loquendi
456 1362 552 1423 genus
575 1343 738 1406 satirarum
761 1343 922 1424 scriptores
943 1343 988 1404 ita
1013 1343 1170 1405 extendere
1194 1343 1246 1405 vi'-·

190 1451 313 1528 dentur,
349 1452 385 1512 ut
418 1450 572 1512 notionem
605 1450 745 1514 secundae
780 1469 916 1531 personae
943 1449 1147 1530 hypotheticae
1170 1468 1241 1512 cum

194 1556 315 1620 notione
337 1576 488 1638 personae,
511 1575 642 1638 quacum
665 1575 697 1619 se
720 1556 849 1637 collo'qui
872 1556 990 1638 fingant
1011 1555 1061 1619 vel
1083 1574 1183 1636 quam,
1206 1557 1243 1619 ut

191 1664 290 1727 Persii
313 1663 412 1727 verbis
434 1666 512 1740 utar,
535 1682 570 1727 ex
593 1665 719 1727 adverso
745 1664 843 1727 dicere
865 1663 995 1748 faciant,
1019 1663 1162 1726 confundi
1184 1681 1240 1744 pa·

188 1770 322 1851 tiantur,
346 1773 425 1834 unde
448 1771 496 1843 iit,
526 1773 562 1833 ut
583 1771 649 1834 haec
671 1789 806 1850 persona,
831 1789 890 1832 non
913 1770 1012 1834 solum
1034 1769 1088 1832 ubi
1109 1761 1162 1850 pro
1184 1769 1241 1833 im-

190 1878 325 1960 perativo
359 1879 408 1941 vel
439 1878 624 1960 conjunctivi
647 1878 749 1940 futuro
772 1879 877 1940 exacto
899 1876 1084 1958 conjunctivi
1105 1895 1240 1958 praesens

192 1987 314 2065 tempus
336 1988 481 2066 ponatur,
516 1987 569 2047 sed
605 1985 695 2047 etiam
720 1984 772 2046 ubi
806 1984 864 2046 alia
895 1983 1080 2065 conjunctivi
1108 1982 1241 2064 ponendi

191 2110 299 2154 caussa
321 2094 460 2166 accedat,
494 2111 563 2155 cum
598 2092 730 2155 secunda
762 2110 891 2172 persona
924 2090 1054 2174 subjecti
1086 2091 1240 2173 generalis

190 2197 257 2262 loco
279 2198 351 2262 ficta
372 2200 417 2262 ita
441 2199 604 2274 coalescat,
639 2200 674 2260 ut
703 2216 790 2261 omne
820 2199 981 2261 discrimen
1010 2217 1095 2279 paene
1129 2216 1239 2261 evane-

190 2309 271 2384 scat,
306 2309 338 2369 et
358 2306 415 2370 loci
447 2308 584 2383 exstent,
607 2305 716 2386 quibus
752 2323 800 2368 res
834 2305 1066 2370 incertavideri
1095 2305 1191 2385 possit
1202 2304 1239 2381 ³23

217 2541 236 2605 ¹)
255 2539 308 2593 Ubi
336 2543 521 2610 praecipiendi
549 2545 647 2597 forma
671 2544 699 2595 in
732 2542 849 2610 optandi
882 2542 1000 2595 formam
1029 2542 1088 2595 fere
1116 2543 1238 2596 transiit:

258 2626 338 2678 Ovid.
357 2626 426 2679 Met.
446 2627 527 2693 VIII,
546 2630 597 2684 866
620 2629 733 2692 Quotquot
751 2645 790 2692 es,
810 2628 921 2692 ipnoscas
939 2627 1017 2692 (Hor.
1037 2627 1096 2680 Sat.
1117 2628 1139 2694 I,
1158 2629 1187 2694 9,
1205 2630 1239 2682 72

255 2711 376 2776 Ipnoscec,
395 2711 462 2761 alias
488 2711 594 2778 loquar),
622 2711 698 2779 virg.
717 2713 789 2764 Aen.
810 2710 863 2775 VI,
884 2712 933 2766 109
951 2713 1048 2762 Doceac
1066 2713 1110 2762 iter
1127 2721 1149 2761 et
1165 2729 1239 2762 sacra

256 2797 321 2844 ostio
336 2795 436 2859 pandas
455 2795 504 2846 cfr.
526 2795 572 2860 VI,
591 2786 642 2851 2106
661 2799 806 2846 Acronum
825 2795 886 2844 bunc
906 2836 912 2848 .
934 2838 940 2851 ,
960 2801 1093 2862 Aqnoscas,

214 2878 234 2942 ²)
255 2877 335 2931 Ovid.
346 2881 379 2931 A.
392 2893 415 2930 a.
426 2879 477 2942 III,
497 2880 547 2935 685
557 2879 611 2930 Neo
621 2882 665 2946 sis,
684 2898 728 2930 neu
738 2879 881 2944 credideris3
901 2879 1006 2933 Tibull.
1018 2882 1042 2949 I,
1058 2885 1084 2944 d,
1104 2883 1134 2936 dt
1159 2880 1238 2949 Cedere

254 2981 298 3012 neu
315 2981 397 3028 nepem
416 2961 551 3033 Virgilius
563 2963 729 3029 (etOvidius
748 2964 776 3015 in
791 2963 906 3016 Metam.
925 2963 1015 3030 libris)
1034 2965 1080 3018 vix
1099 2965 1138 3018 sio
1158 2964 1237 3018 dixit.

217 3044 238 3110 ³)
260 3045 352 3099 sicin
372 3052 425 3099 sat.
445 3046 514 3099 XIII
531 3063 556 3099 v.
578 3041 627 3103 1'43
645 3049 707 3098 Rem
722 3050 819 3113 pateris
837 3048 951 3098 modicam
970 3059 992 3099 et
1009 3049 1122 3100 mediocri
1138 3050 1184 3100 bile
1193 3052 1236 3114 fe·
1266 3093 1272 3101 .

253 3130 365 3196 rendam,
386 3130 418 3182 Si
426 3133 519 3197 flectas
538 3132 615 3182 oculos
634 3134 729 3182 maiora
747 3133 782 3182 ad
798 3133 912 3198 trintina,
940 3147 1023 3198 quum
1042 3133 1190 3186 Iuvenalis
1209 3133 1237 3198 in

254 3214 305 3265 tali
325 3212 528 3268 sententiarum
544 3216 744 3282 conjunctione
757 3215 910 3268 indicativo
923 3222 1072 3270 sententiae
1091 3218 1235 3285 primariae

254 3304 283 3349 et
302 3299 510 3366 conjunctivum
529 3299 677 3352 sententiae
690 3299 866 3352 secundariae
886 3301 1102 3367 hypotheticum
1122 3309 1151 3354 et
1170 3319 1234 3356 con-

249 3381 406 3448 junctivum
425 3384 556 3436 secundae
576 3399 707 3450 personae
733 3385 807 3435 fictae
827 3385 977 3452 subjiciat,
1005 3385 1109 3452 ambigi
1128 3392 1236 3454 potest,

254 3467 311 3517 utri
331 3467 482 3520 indicativo
503 3497 533 3507 *
544 3470 628 3534 flectis
647 3485 681 3522 an
692 3471 813 3534 flectimus
833 3497 862 3506 -
883 3469 1095 3534 conjunctivus,
1124 3471 1172 3536 qui
1192 3486 1237 3534 est

245 3550 345 3616 flectas,
365 3551 503 3618 originem
522 3551 639 3618 debeam
669 3555 718 3605 cfr.
737 3552 818 3612 XIII,
846 3554 896 3607 170
914 3552 946 3604 Si
962 3553 1046 3605 videas
1068 3555 1111 3604 doc
1128 3557 1236 3620 pentibus

250 3635 274 3684 in
293 3637 388 3695 nostrat,
406 3637 458 3685 risu
477 3639 596 3703 quatiere,
617 3652 672 3703 quo
692 3637 755 3689 loco
774 3651 820 3689 res
840 3638 992 3690 manifesta
1010 3644 1069 3704 est,
1088 3639 1139 3691 sed
1158 3645 1234 3705 sunt,

252 3720 299 3783 qui
319 3721 429 3783 quatiere
456 3720 551 3786 legant
574 3722 672 3787 (etiam
699 3721 727 3772 in
755 3721 844 3773 satira
862 3720 900 3773 VI
925 3737 984 3774 av.
1005 3724 1072 3778 653:
1100 3722 1194 3774 Similis
1213 3724 1236 3772 oi

248 3805 393 3866 permutatio
410 3804 490 3865 detur,
519 3806 600 3855 Morte
627 3807 676 3855 oiri
691 3807 784 3869 cupient
801 3807 907 3857 animam
925 3825 1023 3857 servare
1040 3808 1142 3874 mettre,
1164 3807 1235 3861 Her-

252 3901 369 3939 mannus
389 3901 424 3940 ex
442 3889 584 3941 nonnullis
606 3889 750 3942 codicibus
769 3890 868 3954 cupiant
884 3889 912 3941 in
932 3895 1011 3942 textu
1035 3891 1132 3958 ponit3
1160 3891 1234 3944 idem

252 3971 282 4023 in
301 3978 354 4024 sat.
373 3970 425 4023 VII
442 3988 466 4023 V.
484 3974 518 4027 87
535 3974 635 4038 Ecurit,
655 3976 768 4024 intactam
787 3973 880 4046 Paridi
895 3975 944 4024 nisi
960 3975 1046 4025 vendat
1065 3977 1165 4042 Apaven
1183 3991 1235 4043 pro

249 4057 335 4130 vendat
354 4055 501 4109 substItuit
519 4057 610 4124 vendit,
640 4058 689 4110 sed
709 4058 758 4110 cfr.
777 4056 848 4117 XIV,
884 4060 934 4113 315
953 4065 983 4112 et
1000 4059 1039 4126 X,
1066 4062 1123 4116 365‘
1134 4060 1235 4112 Nullum

249 4159 331 4191 numen
350 4142 430 4203 habes,
448 4142 472 4190 si
487 4142 519 4190 cit
533 4142 671 4209 prudentia,
699 4142 780 4209 XIII,
808 4145 840 4197 75
864 4142 925 4192 Tam
937 4143 1020 4207 facile
1045 4153 1067 4194 et
1081 4163 1182 4210 pronum
1200 4155 1235 4195 eet
