2694 4582
537 292 579 344 De
599 291 681 344 metri
701 291 820 344 ratione.
1183 295 1201 359 7

152 497 242 568 cedit,
266 514 364 577 neque
387 515 527 577 usquam,
552 496 632 576 quod
653 496 734 576 apud
755 496 869 577 priores
891 497 1044 562 interdum
1060 497 1199 575 occurrIt,

153 623 208 667 vox
231 604 381 685 bisyllaba
409 604 549 686 quintum
571 621 676 666 uersus
699 602 807 684 pedem
829 605 946 687 implet.
982 605 1106 670 Duobus
1130 623 1199 670 vero

151 711 226 776 locis
250 712 330 793 (VII,
347 715 417 777 211.
443 712 566 790 Iliae)
597 729 685 774 uoces
715 700 745 773 et
774 713 827 775 coi
853 714 931 777 hanc
959 713 1062 777 sedem
1085 718 1198 777 tenent.

153 821 234 883 Ante
268 838 373 882 vocem
407 818 646 900 rncnosyllabam
677 836 799 882 versum
827 820 1019 884 claudentem
1041 821 1199 886 Iuvenalis

154 946 238 991 more
261 927 381 991 Horatii
404 927 596 1007 trisyllabam
617 926 814 1008 (tribrachyn,
843 929 929 992 cuius
952 928 1062 993 ultima
1083 930 1199 1012 syllaba

154 1037 190 1100 ob
214 1040 414 1100 consonantes
437 1037 648 1098 coricumentes
671 1035 854 1116 producitur,
882 1036 983 1117 potius
1010 1055 1100 1118 quam
1124 1056 1198 1102 ana·

151 1149 295 1225 pastum)
333 1143 436 1206 crebro
469 1141 563 1224 pouit,
597 1142 694 1205 rarius
728 1143 905 1207 vocabulum
923 1125 925 1128 ⁵
936 1143 1105 1226 jambIcum
1141 1145 1199 1227 (sic

152 1252 206 1328 IV,
223 1253 291 1331 140,
314 1251 349 1330 V,
368 1254 414 1327 15,
437 1250 488 1324 Vl,
501 1253 573 1325 406,
596 1249 682 1327 VIII,
696 1253 757 1333 36).

238 1358 506 1421 animaduersione
540 1359 647 1420 deiude
676 1357 839 1438 singularis
869 1363 900 1423 et
921 1361 1062 1423 accurata
1085 1378 1199 1424 caesura

151 1466 244 1546 dIgua
267 1472 322 1537 est,
346 1485 413 1546 quae
435 1483 543 1547 graves
564 1469 668 1546 partes
691 1465 770 1547 apud
791 1467 973 1531 Iuvenalem
1003 1467 1079 1548 agit,
1114 1469 1145 1530 et
1167 1468 1199 1531 in

153 1573 239 1637 cuius
263 1593 320 1636 usu
342 1573 493 1636 rhetorica
516 1573 581 1636 eius
610 1573 658 1636 ars
687 1593 804 1638 summe
827 1575 960 1656 apparet.
1016 1576 1143 1638 Poetam
1167 1579 1199 1638 et

152 1680 182 1743 in
217 1682 351 1744 oratione
385 1681 592 1745 distribuenda
626 1683 667 1769 et
690 1682 743 1745 ubi
764 1700 869 1762 vocem
891 1683 1027 1763 aliquam
1049 1681 1204 1764 singulari,

151 1790 280 1870 pondere
306 1790 403 1852 efferri
428 1789 509 1861 veIIt,
543 1789 608 1852 eius
643 1808 697 1871 ope
725 1790 791 1864 niti,
826 1790 916 1853 multi
946 1789 1036 1853 huius
1059 1789 1197 1870 disputa-

64 1890 66 1892 ’
151 1896 243 1959 tionis
267 1897 325 1959 loci
349 1898 424 1960 satIs
447 1897 606 1972 docebunt,
642 1899 835 1978 quamobrem
864 1898 915 1960 hic
937 1898 1026 1961 modo
1048 1898 1085 1961 ad
1108 1898 1197 1962 illum

149 2004 214 2067 eius
238 2024 326 2067 usum
351 2005 554 2080 attendemus,
577 2004 656 2086 quod
679 2022 698 2066 a
721 2024 843 2069 caesurae
865 2005 1033 2082 intervalla,
1058 2005 1109 2068 ubi
1131 2005 1198 2070 fieri

149 2115 260 2192 potest,
283 2113 428 2194 apoduein
451 2116 482 2174 et
505 2131 611 2176 noram
636 2113 820 2176 senteutiam
837 2113 1045 2176 secundariam
1060 2113 1196 2195 velpen-

148 2221 271 2282 dentem
304 2219 420 2300 incipIt,
456 2220 534 2301 quod
566 2219 607 2282 ibi
636 2221 820 2301 anaphoram
843 2220 890 2282 vel
914 2221 1079 2301 asyndeton
1101 2221 1222 2302 ponit,

150 2327 276 2390 verbum
299 2328 393 2391 subet.
419 2328 542 2403 omittit,
566 2327 663 2390 hiatui
685 2328 832 2410 indulget,
862 2329 897 2390 ut
920 2327 1002 2390 brevi
1025 2329 1195 2409 praecidam

149 2435 288 2498 omuibus
311 2435 408 2498 modis
429 2454 548 2516 operam
562 2435 622 2510 dat,
645 2439 679 2498 ut
700 2435 768 2516 ipsa
790 2435 885 2499 oratio
908 2439 1013 2516 aptum
1034 2435 1197 2500 insistendi

148 2548 269 2623 tempus
292 2543 398 2606 lectori
421 2542 564 2623 praebeat,
588 2546 619 2605 et
642 2561 732 2623 quam
754 2561 834 2624 saepe
856 2561 934 2607 nova
957 2544 1110 2607 sententia
1132 2544 1195 2626 pri-

150 2651 247 2712 maria
270 2651 306 2712 ab
329 2650 386 2713 hoc
408 2650 568 2714 interuallo
590 2649 725 2732 incipiat,
749 2650 799 2713 hie
821 2650 979 2715 Iuvenalis
1001 2650 1086 2715 locus
1108 2652 1197 2716 docet

148 2758 299 2840 (XlVav.
313 2760 402 2841 210):

193 2911 328 2974 Talibus
349 2913 527 2975 instantem
548 2911 683 2973 monitis
706 2930 925 2992 quemcumque
941 2916 1113 2992 parentem

190 3018 246 3082 Sic
262 3039 394 3099 possem
416 3019 536 3102 affari:
558 3018 633 3097 Dic,
657 3039 674 3082 o
697 3020 883 3095 vanissime,
907 3020 982 3101 quis
1005 3023 1035 3084 te

189 3127 363 3191 remeare
379 3127 497 3208 jebet?
519 3126 684 3190 meliorem
699 3131 823 3208 praesto
847 3129 1005 3210 muyistm

188 3234 407 3316 Discapmlmm.
454 3234 594 3298 Seremus
617 3235 688 3299 ubi:
710 3236 859 3314 nioceme,
882 3240 920 3299 ot
942 3236 1035 3300 Alea

188 3343 358 3407 Praeteriit
384 3341 595 3419 Telamonem,
618 3347 656 3406 ot
678 3342 778 3407 Pelea
799 3345 877 3407 uicti
898 3343 1050 3408 Achtllcc.
1172 3379 1177 3387 ·

164 3459 166 3462 ’
189 3452 396 3515 Parcendum
418 3455 466 3514 est
490 3452 629 3515 teneris:
652 3451 796 3514 mondum
817 3451 988 3533 implevere
1010 3452 1170 3518 medullas

186 3560 333 3623 Materne
354 3558 444 3622 melu
466 3559 638 3640 nequitiem
848 3533 855 3551 ’

143 3732 180 3794 ln
213 3749 328 3794 rasura
350 3731 424 3790 κατὰ
447 3733 541 3809 τρίτον
564 3732 707 3812 moyam,
742 3747 808 3810 quae
841 3732 974 3800 uocatur,
1009 3731 1190 3794 extrudenda

142 3839 304 3905 Iuvenalis
328 3839 425 3901 multo
447 3837 567 3920 longius
590 3856 681 3919 quam
693 3837 820 3901 Ovidius
843 3836 990 3918 processit
1013 3841 1044 3902 et
1065 3857 1097 3901 re
1120 3857 1192 3903 uera

143 3966 210 4010 eam
232 3946 298 4009 loco
322 3946 452 4009 arcuisse
477 3944 536 4008 dici
564 3949 673 4026 potest.
729 3945 795 4009 Hoc
828 3944 910 4008 enim
939 3964 1061 4008 caesurae
1095 3965 1192 4028 genus

142 4055 298 4118 ducenties
321 4053 366 4117 bis
390 4053 561 4116 adhibltum
584 4054 745 4127 invenitur,
777 4053 829 4116 sed
853 4053 901 4115 his
922 4051 997 4116 locis
1020 4054 1191 4117 accuratius

141 4162 287 4243 inspectis
311 4181 433 4238 caesura,
469 4180 536 4242 quae
568 4160 818 4242 lrephtemimeris
842 4162 973 4236 vocatur,
1008 4165 1077 4242 post
1109 4161 1192 4225 arsin
