2694 4582
191 277 232 339 92
504 273 546 324 De
565 272 712 339 particulis
733 272 909 338 copulativis.

191 480 240 542 est
262 476 497 549 substantivum,
532 475 611 556 quod
635 475 817 556 interpretes
840 475 955 556 opinari
979 475 1128 550 videntur,
1162 477 1243 538 inter

191 602 267 665 quos
283 583 326 646 M.
345 582 507 663 Hauptius
531 583 584 664 qui
606 600 660 663 pro
682 581 748 644 bac
770 581 830 644 boc
851 581 1017 663 legendum
1039 600 1105 645 esse
1128 587 1242 658 censet,

191 693 244 756 sed
257 672 461 773 participium,
484 693 516 752 et
537 689 662 752 verbum
684 688 849 772 repellendi
871 689 951 769 apud
963 691 1070 772 poetas
1093 705 1152 752 non
1174 707 1245 752 raro

192 799 238 862 sic
260 799 394 879 positum
416 797 580 871 invenitur,
610 810 644 860 ut
665 796 778 878 passivi
801 796 994 877 participium
1016 797 1053 860 de
1077 814 1120 876 eo,
1155 795 1244 860 cuius

191 923 275 968 amor
296 904 482 985 repudiatur,
517 891 607 984 atque
634 903 788 966 interdum
811 905 847 965 de
869 903 935 983 ipso
958 920 1059 966 amore
1083 903 1244 983 repudiato

191 1012 324 1075 dicatur:
349 1011 436 1075 ovid.
459 1011 584 1074 Metam.
608 1010 695 1081 XIII,
713 1014 775 1074 735
798 1009 898 1072 Proee'
919 1009 1061 1090 repatst;
1095 1010 1242 1091 Prop-II,

191 1124 220 1190 4,
234 1123 269 1182 2:
294 1118 387 1197 Scepe
409 1116 561 1196 repulsas
583 1137 656 1195 eos;
679 1116 767 1180 Ouid.
786 1117 1009 1194 mavilum
1031 1117 1135 1180 Amor
1156 1136 1244 1196 saepe

191 1224 364 1304 repulsas;
398 1225 481 1306 Virg.
505 1225 581 1286 Aen.
607 1224 657 1300 IV,
681 1229 743 1288 214
770 1224 942 1287 Coaaabe'o
969 1227 1085 1287 aestro
1108 1223 1239 1304 reputit.

191 1332 224 1396 Si
245 1332 335 1408 locos,
371 1332 479 1413 quibus
502 1330 659 1410 particula,
693 1349 759 1411 quae
782 1333 829 1393 est
857 1351 921 1404 cea,
955 1335 1033 1412 apud
1057 1332 1241 1396 Iuvenalem

191 1440 354 1516 invenitur,
378 1442 566 1519 spectamus:
589 1438 643 1514 IX,
657 1441 676 1502 2
692 1436 854 1501 Occurras
876 1457 932 1501 eea
953 1438 1098 1520 Marsya
1119 1440 1244 1516 oe'ctas‚·

191 1547 231 1624 X,
246 1549 304 1610 231
331 1545 417 1608 Htot
448 1564 546 1609 scaea
580 1565 636 1609 cea
662 1544 779 1625 pallas
807 1544 1014 1624 btraode'ae's;
1047 1547 1101 1621 VI,
1114 1551 1176 1612 573
1198 1546 1243 1610 Ia

192 1655 285 1717 cadas
308 1653 460 1716 munibus
483 1672 539 1716 cea
555 1654 697 1734 ptapoe'o
725 1653 859 1716 saccina
889 1655 988 1716 tritos
1015 1652 1131 1717 Ceraa‘s
1153 1653 1243 1733 ephe-

191 1760 352 1837 mertdos;
381 1761 523 1835 Vitam
548 1759 689 1840 Eaiptta
712 1764 749 1822 at
770 1779 874 1824 mores
898 1765 1024 1824 teneros
1047 1781 1103 1825 cea
1120 1760 1244 1841 pollice

192 1869 299 1946 docet,
323 1886 420 1944 voces
444 1869 608 1948 quaesunt
636 1867 765 1930 erabae't
787 1886 842 1930 ceo
857 1866 1027 1950 fastidibo,
1051 1868 1243 1950 significant:

193 1977 332 2052 erubuit,
366 1978 403 2036 at
425 1973 543 2037 matter
557 1973 718 2056 fastidito
741 1974 923 2038 erabescere
947 1974 1038 2053 sodet,
1073 1976 1125 2038 sed
1152 1993 1244 2040 voees

192 2070 323 2148 drabae't
346 2102 400 2145 oea
427 2081 588 2167 fastidito
610 2080 743 2160 repulso
776 2100 916 2145 caussam
939 2083 1056 2146 ruboris
1078 2085 1189 2164 urgent
1212 2086 1243 2146 et

190 2192 272 2254 idern
298 2189 480 2271 significant,
514 2194 604 2269 atque
638 2187 664 2250 si
698 2189 755 2250 hoc
785 2189 931 2269 scriptum
955 2191 1078 2254 fuisset:
1113 2189 1243 2252 erubuit

191 2296 325 2378 repulsa
348 2299 515 2375 tamquam
529 2293 698 2376 fosttde'to,
722 2295 830 2375 quibus
852 2297 952 2360 verbis
967 2303 1056 2378 poeta
1071 2315 1128 2359 non
1143 2297 1242 2359 solum

191 2404 309 2468 ruboris
343 2403 395 2466 sed
428 2402 482 2465 irae
515 2421 634 2483 quoque
668 2420 808 2466 caussam
841 2404 971 2485 exponit.
1018 2404 1077 2482 Qui
1106 2407 1241 2468 veterem

192 2511 387 2575 scholiastam
401 2509 498 2573 secuti
514 2529 581 2572 cum
595 2509 783 2585 Heinrichio‚
806 2510 963 2591 Rupertio‚
986 2513 1055 2575 aliis
1077 2529 1242 2593 pronomen
1287 2512 1289 2514 ’

192 2618 258 2682 brec
281 2618 318 2681 ad
342 2617 483 2681 Cressam
508 2617 701 2696 referendum
723 2636 788 2680 esse
812 2616 925 2692 dicunt,
959 2616 1029 2681 inde
1051 2619 1117 2696 hoc,
1141 2618 1240 2698 credo,

192 2725 350 2806 colligunt,
374 2724 453 2804 quod
464 2723 570 2787 verba:
593 2723 662 2787 Nec
673 2724 782 2786 micas
795 2722 992 2787 Stheneboea
1008 2745 1106 2804 paura
1122 2724 1244 2788 Cressa

193 2831 377 2905 excanduit,
401 2850 468 2912 quae
492 2833 744 2912 comparationem
768 2831 849 2893 inter
861 2831 977 2894 Cressae
1000 2835 1032 2895 et
1046 2830 1244 2896 Stheneboeae

192 2941 271 3004 iram
294 2939 468 3010 instituunt,
492 2936 632 3000 Cressam
650 2939 716 3020 jam
739 2941 1004 3001 commemoratam
1022 2957 1088 3002 esse
1110 2939 1244 3002 indicare

191 3048 341 3121 videntur,
365 3046 417 3107 sed
440 3064 532 3125 quum
556 3045 588 3106 in
610 3043 851 3125 praecedentibus
875 3045 1010 3109 uersibus
1033 3063 1129 3126 neque
1149 3047 1243 3108 Phae-

192 3155 253 3216 drae
276 3172 373 3234 neque
397 3151 593 3215 Stheneboeae
616 3151 863 3215 commemoratio
897 3151 978 3214 facta
1012 3153 1064 3226 sit,
1099 3155 1130 3214 et
1153 3155 1245 3232 poeta

192 3260 281 3323 modo
304 3259 394 3335 viros,
417 3259 470 3340 qui
492 3260 601 3321 harum
617 3258 1001 3340 amoremrepudiaverant,
1024 3276 1244 3322 commemora-

192 3366 279 3441 verit,
303 3385 374 3428 eum
396 3385 414 3428 a
436 3365 569 3428 virorum
600 3366 883 3429 commemoratione
905 3367 943 3428 ad
966 3369 1172 3430 matronarum
1195 3385 1243 3428 re-

173 3474 387 3555 pudiatarum
419 3472 497 3535 iram
520 3473 746 3535 describendam
770 3476 981 3538 transeuntem
1002 3491 1055 3556 pro
1078 3473 1169 3536 huius
1192 3472 1242 3537 vel

192 3580 276 3643 illius
299 3582 445 3643 matronae
468 3579 590 3643 nomine
612 3598 776 3660 pronomen
799 3581 1080 3654 demonstrativum,
1103 3581 1182 3662 quod
1198 3583 1246 3643 est

194 3687 286 3759 bacea·
309 3688 423 3750 nudum
457 3686 594 3767 posuisse
617 3689 649 3750 et
680 3687 718 3750 ad
750 3687 849 3752 virum
882 3689 981 3768 priore
1012 3688 1079 3751 loco
1110 3687 1242 3768 positum

192 3794 335 3858 retulisse
372 3792 602 3875 (Hippolytum)
636 3795 706 3875 plus
739 3813 830 3876 quam
866 3795 1040 3858 incredibile
1075 3797 1130 3858 est.
1193 3792 1243 3856 Sic
1274 3844 1277 3849 .

193 3917 345 3982 nusquam
367 3899 451 3972 dixit,
474 3901 518 3963 sic
540 3919 600 3964 non
622 3900 765 3964 hocloco
789 3901 871 3964 dicit.
928 3901 961 3964 Si
990 3919 1155 3983 pronomen
1177 3900 1245 3964 boec

194 4007 415 4072 Stheneboeam
439 4007 603 4088 significat,
634 4010 732 4071 forma
754 4008 922 4083 verborum,
956 4028 1024 4089 quae
1057 4010 1102 4073 sic
1134 4009 1244 4073 oritur:

192 4114 274 4179 Hae
295 4113 509 4192 (Stheneboea)
544 4115 674 4178 erubuit
706 4135 764 4199 aec
786 4115 983 4179 Stbeaeboeo
1012 4117 1122 4179 octoas
1145 4135 1244 4196 qaam
