2694 4582
312 366 318 379 ·
404 299 447 352 De
466 298 600 351 liberiore
618 297 766 350 verborum
785 298 891 364 positu.
1131 303 1173 366 53

124 503 268 585 Luueue,
284 523 371 584 pure
393 505 510 584 iuqeue
533 501 616 579 teu
639 502 738 580 eruit·
761 501 847 566 Ovid.
871 501 946 566 Met.
958 503 1012 581 XI,
1032 506 1092 569 217
1106 504 1175 568 Neo

118 633 205 694 pure
226 611 365 678 militine.
393 610 556 688 Telamon,
579 611 650 674 siue
672 609 792 673 touore
812 611 954 674 recessit.

211 719 298 799 Quod
319 722 422 784 autem
444 719 594 801 porticula
617 738 684 801 que,
716 717 769 780 ubi
792 719 975 782 seutentiam
997 719 1173 800 primarium

126 828 274 909 orruerit,
299 827 426 892 cuilibet
447 829 538 890 huius
560 825 707 891 vocabulo
730 827 761 887 in
783 825 870 889 initio
886 826 1045 890 sententie
1067 827 1197 908 posito.

125 939 157 1001 et
177 935 230 1000 ubi
253 935 479 1000 substantivum
502 934 649 1017 adjungit,
684 933 762 1014 quod
795 933 979 997 sententiam
1013 934 1174 998 relativam

125 1044 285 1108 constituit
306 1047 338 1106 et
359 1061 413 1123 per
437 1042 650 1105 attrei-tionem
673 1060 739 1104 oum
771 1041 828 1103 huo
861 1041 982 1117 coaluit,
1016 1041 1075 1122 ipsi
1109 1059 1174 1123 pro·

124 1151 241 1216 nomini
274 1149 402 1213 relativo
436 1149 599 1230 suffigitur,
634 1166 817 1230 quemquam
851 1149 985 1229 exempla
1014 1149 1105 1213 huius
1127 1150 1174 1213 lo·

125 1258 235 1342 queudi
257 1257 378 1339 generis
406 1274 474 1319 rore
506 1259 587 1332 sunt,
620 1256 763 1321 Juveuali
796 1276 865 1320 oum
895 1256 1044 1338 prioribus
1076 1257 1175 1338 poetis

125 1383 284 1430 commuue
308 1369 363 1441 est,
387 1364 439 1428 sed
462 1364 764 1427 animadvertendum
786 1367 841 1437 est,
865 1381 943 1437 eum,
968 1363 1026 1426 etsi
1050 1365 1174 1445 priores,

124 1474 177 1537 ubi
209 1473 358 1554 particulo
392 1472 575 1535 seutentiam
605 1472 780 1552 primariam
818 1473 968 1551 annectat,
1006 1489 1087 1561 eum>
1108 1471 1174 1535 vooi

126 1581 286 1663 pendentis
308 1599 427 1662 quoque
451 1579 609 1672 sententiae
639 1579 742 1668 erebro
776 1579 930 1660 suffigent,
965 1579 1055 1641 modo
1077 1578 1175 1643 tribus

126 1689 213 1762 lucio,⁴
235 1688 286 1769 qui
309 1692 394 1751 sunt:
417 1688 474 1760 ΠΙ,
488 1672 551 1752 290
574 1685 649 1750 utu
665 1688 936 1768 eoutroeturr'que
944 1686 1047 1766 jubet,
1059 1687 1174 1762 vuum

54 1816 64 1826 ·
130 1795 265 1861 Grande
286 1799 384 1859 souut
405 1795 566 1877 metuique
581 1795 675 1875 jubet
697 1794 894 1875 Septembris
917 1797 947 1857 et
968 1793 1087 1857 Austri
1108 1793 1175 1857 Ad

125 1908 268 1976 neutum,
303 1903 431 1978 vuum
465 1902 655 1966 Proeeordiu
682 1903 808 1982 pressit
839 1901 905 1966 rue
937 1903 1026 1966 souis
1059 1907 1174 1966 treruu-

126 2011 253 2094 turuque
275 2014 373 2091 eaput
396 2009 583 2074 descendere
598 2011 711 2091 jussit,
734 2011 786 2074 ubi
808 2010 958 2092 particula
981 2009 1105 2072 verbum
1118 2011 1172 2091 ju'-

126 2119 221 2184 teudi
242 2118 388 2201 adjungit,
412 2120 494 2182 huno
508 2118 650 2200 loquendi
670 2138 759 2182 usum
773 2118 929 2182 imitatum
942 2137 1018 2192 esse,
1041 2137 1170 2199 eumque

126 2229 215 2292 modo
247 2227 293 2291 bis
326 2245 392 2290 eum
424 2226 490 2290 vooi
521 2227 679 2290 sententiae
703 2226 890 2290 secundariae
911 2225 990 2288 inter
1012 2230 1175 2307 utrumque

125 2335 295 2399 membrum
319 2335 505 2416 interpositae
528 2334 696 2398 suffixisse:
720 2334 771 2406 Vl,
785 2337 824 2399 87
838 2332 1174 2414 Pteroutese'urprobu

124 2445 230 2517 unior,
260 2441 361 2524 thue
382 2442 489 2522 uroque
512 2445 655 2521 stupeno,
680 2441 773 2504 ludos
789 2441 1005 2524 Paridemque
1027 2441 1175 2523 reliquit·

128 2550 214 2626 VIII,
228 2552 284 2616 131
313 2550 402 2614 Turre
435 2549 508 2612 lieet
530 2570 552 2612 u
574 2548 653 2612 Pion
682 2569 830 2613 uurueres
857 2569 969 2630 qeuur,
992 2549 1123 2631 ottoque
1143 2549 1175 2611 su'

127 2663 156 2724 te
177 2659 324 2722 Nomiuu
346 2657 505 2722 deiectuut
528 2706 554 2719 ..
581 2677 693 2738 pouoo
716 2658 785 2737 (sot.
811 2657 856 2720 IX
878 2677 904 2720 v.
928 2659 969 2722 26
992 2655 1125 2719 Fuuuru
1144 2705 1173 2719 ..

95 2759 98 2762 ’
128 2766 287 2831 eelebrure
306 2766 443 2842 rotetur,
471 2765 624 2848 Quodque
651 2769 746 2843 tueor,
781 2766 872 2845 rpsos·
894 2767 991 2828 etiuru
1012 2763 1175 2828 u‘udr'uure

112 2876 265 2938 -urorr'tos
288 2894 323 2938 ee
346 2875 383 2937 de
406 2893 514 2938 caussa
536 2893 596 2937 non
618 2875 749 2956 adjunxi,
788 2875 867 2954 quod
897 2874 1014 2936 codices
1038 2871 1175 2935 nonnulli

76 3028 81 3035 ·
128 3003 182 3066 pro
205 2982 349 3066 quodque
373 2985 460 3044 tures
482 2982 595 3046 hubent
624 2982 709 3064 quod
731 2986 818 3044 tuneo
843 2985 959 3064 utque).
1013 2979 1175 3061 Nusquam

128 3109 198 3155 vero
232 3091 299 3154 haeo
331 3091 489 3172 particula,
508 3076 576 3152 =ubi
611 3090 737 3153 verbum
770 3089 887 3153 dicendi
920 3089 1071 3171 adjungit,
1104 3106 1173 3150 oum

125 3199 287 3281 negatione
310 3198 471 3261 sententie
493 3181 652 3279 pendentis
675 3197 826 3260 eoolesoit.
881 3197 997 3260 Eodem
1026 3194 1174 3276 particula

126 3307 213 3371 modo
245 3305 509 3388 praepositionibus
543 3306 588 3381 iu,
623 3325 703 3383 euru,
731 3325 804 3385 per,
832 3305 918 3368 iuter
941 3305 1005 3383 (Vl,
1020 3307 1174 3381 183,311,

126 3417 198 3492 400,
219 3413 289 3488 VII,
304 3416 373 3488 132,
396 3413 483 3492 XIII,
496 3415 636 3492 numm)
669 3431 742 3487 non,
777 3417 813 3476 ut
845 3413 925 3494 apud
953 3411 1087 3496 priores,
1121 3410 1174 3492 qui

53 3546 58 3556 ’
126 3541 193 3586 eam
215 3540 232 3585 a
254 3520 351 3604 primo
374 3520 595 3585 euunoiu'tionis
616 3520 761 3585 vocabulo
783 3519 919 3583 avulsum
947 3518 1046 3595 alteri,
1080 3518 1172 3582 etiam

126 3630 152 3694 si
174 3631 239 3694 haeo
260 3628 433 3712 praepositio
454 3628 545 3692 unius
568 3627 694 3710 syllabae
718 3632 773 3708 est,
802 3627 955 3691 interdum
986 3625 1172 3708 suffigunu),

126 3739 219 3803 etiem
246 3737 292 3812 de,
326 3757 350 3812 e,
384 3757 414 3810 u,
442 3754 518 3816 pree
551 3735 714 3817 suffigitur,
750 3738 781 3799 et
807 3754 873 3799 raro
904 3737 1025 3798 omuino
1049 3733 1173 3798 vooibus

126 3846 215 3913 unius
248 3843 372 3927 syllabis
406 3844 542 3908 udhaeret
576 3847 684 3925 (utque
717 3843 769 3918 IV,
784 3846 833 3919 60,
863 3843 916 3920 VI,
930 3845 1001 3919 609,
1036 3841 1174 3924 doumque

151 4120 172 4196 ¹)
189 4117 266 4184 Virg.
287 4119 364 4170 Aen..
378 4116 416 4182 II,
436 4118 486 4169 364
509 4117 624 4166 Plurima
643 4134 733 4181 perque
756 4118 810 4166 uias
833 4125 1025 4167 sternuntur
1049 4115 1170 4180 Corporo3

195 4202 273 4256 Ovid.
292 4201 334 4254 lb.
354 4203 398 4262 93,
418 4200 523 4253 Tibull.
542 4202 563 4268 1,
581 4203 608 4266 4,
628 4202 669 4254 25.
