2694 4582
598 279 642 332 De
661 278 767 346 ellipsi.
1146 283 1204 346 127

155 484 275 547 absenti
313 483 422 547 callide
456 484 611 563 petentem
640 482 726 546 nobis
756 484 908 564 proponit,
943 501 961 546 a
991 502 1018 547 v.
1051 487 1111 549 123
1139 485 1205 548 haee

155 592 269 673 scripta
291 594 378 655 suut:

197 698 264 761 Hie
279 699 366 779 petit
388 698 516 762 absenti
537 700 616 761 uota
631 697 706 777 jem
728 695 869 760 callidus
891 701 972 775 arte,

200 805 379 870 Ostendens
400 826 537 869 uacuam
560 809 590 868 et
611 803 759 868 clausam
774 824 840 885 pro
869 804 1006 885 eoujape
1027 803 1151 868 sellom.

200 914 323 978 »Galle
344 935 416 979 mea
439 918 516 996 est«,
538 913 656 992 iuquit.
683 911 813 976 »Citius
836 912 983 976 dimitte:
1005 913 1177 976 morarios<

79 1106 82 1110 λ
201 1021 339 1105 «Profer
367 1021 467 1085 Galia
490 1024 616 1101 ceput«
645 1020 744 1084 »Noli
765 1041 891 1098 verrere,
915 1021 1081 1100 quiescit«

153 1129 352 1193 Heinriehius
374 1130 476 1194 locum
498 1130 543 1193 sie
565 1129 657 1192 edens
680 1128 834 1209 dialogum
856 1129 937 1191 inter
961 1126 1202 1205 dispensatorem

151 1237 272 1318 patroni
305 1241 336 1300 et
365 1238 509 1301 clientem
542 1238 662 1317 poetam
698 1236 839 1300 intulisse
869 1239 971 1318 putat,
1007 1234 1086 1316 quod
1119 1232 1202 1294 idem
1321 1246 1324 1249 ’

153 1344 360 1421 Achaintrius‚
394 1343 577 1424 Repertus,
611 1344 662 1407 alii
692 1346 862 1425 opinantur.
905 1343 1037 1408 ,Iahnius
1066 1345 1097 1406 et
1121 1340 1199 1402 Her-

152 1470 283 1515 mauuus
324 1452 448 1534 signum
491 1451 739 1533 interrogationis
784 1457 852 1532 post
890 1451 1036 1514 moraris
1074 1450 1200 1532 ponunt.-

150 1558 260 1635 Verba,
283 1561 448 1640 quaesunt:
476 1557 604 1641 Profer,
631 1557 740 1631 Galla,
763 1563 870 1639 eaput,
893 1559 1056 1640 inquibus
1080 1556 1200 1621 caliidi-

150 1669 198 1730 tas
221 1666 342 1729 clientis
365 1685 483 1729 summe
506 1670 640 1748 apparet,
664 1666 864 1746 dispensatori
885 1667 966 1730 male
982 1666 1199 1740 attribuuntur,

150 1773 194 1836 sio
217 1773 297 1836 enim
321 1773 420 1836 omnis
443 1773 648 1837 ealliditas—
671 1792 761 1854 quam
783 1775 904 1854 poetam
928 1773 1089 1855 depingere
1110 1772 1197 1851 uelle,

149 1881 240 1944 verba
267 1884 347 1943 eota
362 1880 437 1961 jam
460 1880 601 1944 collides
633 1885 705 1944 arte
727 1882 802 1944 satis
825 1881 980 1944 declarant
1006 1880 1197 1954 -tolletur,

149 1989 181 2050 et
204 1988 358 2068 sequentia
392 1988 483 2052 verba
512 1988 581 2051 reoli
610 2008 740 2069 oerore,
775 1989 912 2068 putescit
935 1989 1103 2071 sagacitate
1134 1987 1198 2050 dis-

148 2096 316 2175 pensatoris
339 2095 443 2158 clienti
467 2097 730 2177 extorquebuntur.
759 2098 852 2159 Poeta
875 2097 970 2178 igitur
990 2096 1092 2159 omnia
1114 2095 1195 2158 dieit.

148 2201 281 2265 Verbum
293 2205 445 2277 moreris,
465 2203 750 2285 quodHeinriohius
761 2203 818 2266 hoe
829 2204 895 2267 loeo
910 2204 1059 2268 astionem
1075 2201 1198 2284 signifi·
1292 2195 1296 2202 ’

148 2328 215 2372 aare
230 2311 282 2390 (z
298 2311 441 2386 detinere,
453 2313 627 2389 retardare),
650 2313 733 2374 reete
748 2311 830 2387 dioit,
853 2311 986 2375 Jahnius
1006 2315 1036 2374 et
1048 2311 1198 2373 Herman-

148 2435 223 2493 nus,
269 2418 340 2498 quia
361 2437 498 2482 caussam
533 2419 696 2492 contineat,
713 2414 784 2480 'cur
817 2419 911 2482 eliens
944 2419 1033 2482 verba
1067 2394 1195 2500 Proser,

152 2521 261 2598 Galle,
285 2526 484 2604 euputdieat,
508 2526 723 2606 interrogative
736 2526 868 2606 positum
892 2544 958 2589 esse
981 2527 1118 2606 eredunt,
1143 2525 1195 2588 sed

146 2648 333 2712 quamquam
365 2651 425 2695 non
447 2634 635 2714 negaverim,
670 2632 924 2714 signifieationem
957 2633 1129 2695 absolutam
1157 2633 1195 2695 ad

147 2739 332 2801 sententiam
354 2738 413 2802 ioci
435 2743 538 2821 aptam
561 2741 657 2804 videri
686 2757 788 2821 posse,
811 2740 1114 2803 animadvertendum
1139 2744 1194 2812 est,

144 2848 267 2925 poetam
289 2847 483 2910 intransitiva
505 2849 588 2911 verbi
602 2847 821 2928 significatione
844 2866 994 2928 nusquam
1017 2866 1104 2910 usum
1129 2864 1195 2909 esse

146 2953 214 3028 (cfr.
227 2953 283 3028 ΙΙΙ,
311 2957 379 3029 183,
391 2955 444 3030 ΧΙ,
458 2954 596 3032 auxii,
612 2958 685 3030 250,
698 2958 782 3030 267).
805 2953 854 3016 Ad
867 2954 992 3018 dimitte
1014 2973 1119 3018 omnes
1134 2973 1195 3017 uos

144 3060 326 3124 audiendum
351 3081 418 3126 esse
441 3062 556 3140 dieunt,
584 3063 662 3143 quod
685 3081 849 3143 pronomen
863 3081 922 3126 non
940 3062 1122 3125 audiendum
1136 3064 1193 3125 est.

144 3166 252 3230 Levior
275 3170 323 3232 est
344 3187 409 3247 res,
434 3170 486 3232 sed
510 3188 575 3232 eam
598 3189 657 3234 non
678 3169 972 3251 praetermittendam
995 3188 1061 3233 esse
1077 3169 1191 3250 putavi.

144 3271 246 3338 Cliens
258 3275 340 3338 enim
353 3295 405 3356 pro
419 3277 546 3358 conjuge
558 3277 643 3358 petit,
656 3277 745 3339 modo
759 3276 872 3339 deeius
886 3275 1019 3358 sportula
1033 3276 1143 3358 agitur,
1152 3279 1193 3351 et,

144 3383 224 3462 quod
246 3382 370 3463 gravius
395 3386 450 3456 est,
473 3386 563 3464 poeta
584 3384 765 3466 imperativo
787 3383 885 3464 posito
908 3402 970 3448 non
991 3403 1060 3447 raro
1083 3402 1191 3465 prono-

142 3505 214 3550 men
237 3490 361 3564 omittit,
385 3492 464 3572 quod
487 3493 524 3554 ad
547 3509 624 3563 eum,
647 3491 683 3553 de
707 3509 764 3571 quo
789 3508 887 3553 sermo
910 3495 973 3571 est,
995 3490 1192 3555 referendum
1224 3523 1226 3525 ·

101 3617 106 3626 ·
143 3598 200 3672 est,
223 3615 371 3677 nusquam
393 3617 568 3680 pronomen,
601 3598 679 3679 quod
702 3599 740 3660 ad
762 3598 934 3678 loquentem
956 3599 1098 3678 pertinet.
1142 3598 1192 3661 Ad

143 3701 270 3766 uterere
291 3704 385 3785 igitur
407 3709 439 3769 et
460 3706 617 3775 moraris,
651 3707 687 3768 ut
713 3705 752 3767 ad
773 3705 854 3768 Nou
874 3725 1008 3783 verere,
1043 3725 1114 3769 eam
1135 3725 1191 3770 au·

142 3808 285 3873 diendum
309 3815 373 3894 estu
396 3812 498 3877 Cliens
520 3814 758 3893 dispensatorem
780 3832 903 3876 uxorem
921 3812 1034 3876 morari
1046 3830 1192 3876 accusans

143 3916 208 3997 ipse
231 3917 331 3981 addit:
365 3920 494 3983 dormire
516 3921 645 3996 videtur,
669 3938 707 3982 ue
730 3938 797 3983 eam
819 3920 1096 4003 expergefaciamus
1121 3926 1192 4002 (qua

142 4024 401 4105 expergefaciendi
434 4027 653 4109 significatione
686 4027 813 4090 verium
843 4028 968 4091 verendi
990 4029 1037 4090 ter
1058 4027 1191 4108 positum

142 4129 320 4214 invenitur).
601 4122 604 4127 ’
