2686 4596
181 283 241 346 142
617 279 660 332 De
680 280 787 347 ellipsi.

174 487 268 563 turpe
289 468 421 564 nepulit
446 480 645 545 Translatus
666 481 772 544 sabito
796 481 842 544 ad
859 481 997 546 Marsos
1017 502 1227 564 mensaeque

174 586 341 655 Sabellam
362 589 536 672 Madvigius
559 588 691 669 uepatll
721 589 868 666 restituit,
901 594 933 654 et
965 590 1095 654 conferri
1125 593 1229 673 potest

174 699 276 762 satirae
309 699 449 763 secundae
484 717 511 760 v.
537 700 591 762 70:
635 694 831 775 Damastor,
864 699 896 761 se'
923 699 982 775 uls,
1016 697 1116 761 ellam
1141 695 1226 761 Oar-

165 805 272 889 Jtae'a;
306 805 405 869 talem
427 804 505 868 Non
527 806 632 866 sumet
654 802 813 866 damnata
836 807 954 886 lapara,
987 807 1040 887 qui
1072 804 1159 869 loeus
1188 805 1227 868 ad

173 915 404 995 grammaticam
439 913 589 975 rationem
617 911 830 974 illustrandam
865 912 975 975 eximie
998 912 1229 976 aeoommodata

174 1023 222 1083 est
257 1019 325 1102 (cfr.
349 1020 434 1102 Virg.
458 1021 534 1082 Aen.
559 1019 614 1092 ΙΙΙ,
638 1022 703 1083 460
740 1015 928 1098 Corsosque
956 1018 1048 1083 dudit
1071 1022 1228 1083 neumata

175 1127 357 1202 secandos).
403 1127 501 1190 Simili
524 1124 667 1189 modain
691 1128 748 1188 sat.
759 1124 796 1187 X.
819 1145 844 1188 v.
870 1128 912 1190 22
939 1125 1229 1190 Ouatatltuaoaas

175 1253 287 1297 corano
311 1233 438 1298 latrone
459 1234 568 1296 uiator
601 1233 736 1297 eondieio
764 1232 797 1296 in
824 1233 973 1314 adjectivo
994 1252 1119 1297 uacans
1141 1235 1227 1310 latet,

175 1343 206 1404 et
229 1342 286 1405 hoo
309 1341 493 1424 adjectivum
515 1341 639 1404 vocibus
661 1340 854 1421 praegressis:
884 1339 1000 1405 Pauca
1022 1341 1096 1405 lieet
1110 1344 1226 1421 portes

176 1450 307 1529 arpenti
317 1447 454 1511 oasoala
459 1450 551 1528 pari,
575 1448 678 1511 Noeta
698 1449 762 1512 lter
783 1450 953 1528 inpressas
974 1447 1123 1530 pladlorn
1145 1434 1220 1512 con·

177 1559 307 1636 turaque
335 1556 469 1632 timetis,
493 1556 567 1619 sutis
590 1555 742 1619 definitur.

262 1664 467 1728 Masouliuum
503 1667 534 1727 et
569 1662 748 1726 femininum
774 1662 959 1744 pronominis
983 1662 1224 1739 demonstrativi,

176 1770 255 1850 quod
278 1774 325 1833 est
347 1772 386 1846 ds,
410 1789 506 1852 genus
524 1771 603 1850 apud
616 1772 799 1835 Juvenalem
822 1769 867 1853 [et
879 1771 1017 1833 Persium
1034 1769 1226 1853 FiaaoumP),

175 1877 226 1956 qui
250 1881 358 1941 neutro
380 1877 566 1958 pronominis
589 1897 654 1940 raro
678 1877 776 1940 utitur
798 1876 847 1951 (lul
859 1878 975 1939 ollium
997 1877 1054 1957 111,
1082 1880 1149 1951 182,
1172 1876 1225 1953 Vl,

174 1986 253 2063 4133
278 1984 440 2064 qaldqalol
460 1985 497 2047 la
518 1989 565 2047 est
587 1985 656 2058 VII,
685 1988 743 2050 172
765 1986 819 2048 cfr.
832 1986 917 2048 Pers,
929 1984 987 2058 ΙΙΙ,
1010 1987 1061 2059 oo,
1085 1982 1136 2056 VI,
1160 1986 1224 2062 66),

173 2090 412 2164 noninvenitur3
437 2092 598 2155 satirarum
622 2093 702 2156 enim
725 2095 853 2173 scriptor
876 2093 912 2155 de
928 2091 1053 2155 remotis
1068 2093 1224 2170 tamquam

174 2196 211 2259 do
234 2199 434 2278 praesentibus
456 2199 540 2281 loqui
568 2202 660 2276 amat,
695 2219 760 2262 reru
786 2200 867 2263 oerui
896 2217 985 2280 posse
1014 2197 1112 2280 fingit,
1145 2215 1225 2278 prae·

173 2304 271 2367 sentia
294 2308 388 2369 notat.
434 2307 603 2370 Pronomeu
627 2307 789 2370 relativum
812 2305 908 2370 semel
928 2306 1062 2387 positum
1084 2305 1124 2368 ad
1144 2304 1223 2368 alte·

172 2429 239 2473 rum
263 2413 407 2476 orationis
432 2413 601 2477 membrum
623 2413 684 2477 alio
707 2433 779 2477 onsu
802 2413 897 2477 audiri
920 2430 1016 2494 posse,
1043 2410 1219 2494 Madvigius

171 2517 279 2593 locum,
312 2519 364 2601 qui
393 2521 424 2585 in
455 2522 547 2585 satira
570 2521 668 2602 prima
689 2539 715 2583 a.
740 2540 766 2582 v.
792 2524 852 2586 155
875 2520 919 2582 sio
941 2519 1071 2600 scriptus
1095 2519 1223 2600 legitur:

257 2694 348 2760 Pone
374 2695 589 2777 Tlpelllaano:
613 2695 698 2758 tarda
721 2694 841 2758 laoebls
863 2694 900 2756 la
921 2691 983 2755 llla

261 2804 334 2884 Qua
357 2807 483 2866 stantes
507 2802 632 2878 ardeat,
657 2803 714 2882 pal
727 2803 798 2886 fimo
820 2804 952 2882 pultare
967 2798 1114 2882 famant,

256 2910 302 2973 El
325 2909 429 2973 latura
451 2910 558 2973 nuella
579 2908 705 2972 saluom
727 2908 856 2972 declarat
878 2927 990 2972 arena.

171 3121 315 3166 enarrans
328 3101 439 3176 docuit,
463 3105 554 3183 atque
577 3118 739 3181 pronomen
765 3119 836 3179 poa
857 3101 895 3163 ad
910 3099 1041 3163 alterum
1051 3097 1224 3161 membrum

171 3229 206 3273 ex
229 3229 302 3273 oasu
325 3209 447 3290 obliquo
467 3227 533 3288 poa
551 3208 717 3270 eruendum
741 3226 806 3270 esse
830 3206 1056 3279 demonstrarit,
1080 3206 1112 3267 et
1123 3203 1223 3268 simile

171 3316 344 3397 exemplum
369 3319 453 3380 loeus
481 3315 606 3397 praebet,
640 3314 692 3396 qui
719 3314 750 3376 in
780 3313 873 3377 satira
900 3313 1019 3376 deoima
1045 3311 1152 3392 quinta
1182 3294 1222 3392 (νζ

175 3424 246 3501 169)
258 3424 390 3504 legitur:
418 3424 564 3504 (laurona
585 3441 652 3484 aaa
674 3419 795 3505 sufflati
816 3421 876 3482 ira
891 3417 1052 3482 Ooaldlsse
1068 3417 1221 3499 aliquane,

170 3531 228 3594 sed
242 3533 390 3610 pectora
416 3530 559 3604 truella,
581 3527 707 3591 vallant
729 3527 926 3591 crediderint
946 3544 1049 3607 penos
1066 3545 1135 3590 esse
1149 3525 1221 3589 aul.

170 3637 213 3700 Ex
239 3655 310 3700 casu
336 3637 455 3717 obliquo
480 3655 537 3700 non
561 3637 669 3713 solum,
703 3639 738 3698 ut
759 3635 807 3697 his
829 3633 913 3710 loeis,
945 3633 1147 3697 nominativus
1170 3633 1222 3697 sed

170 3743 361 3808 aecusativus
384 3761 503 3825 quoque
526 3743 622 3806 audiri
644 3744 753 3823 potest„
777 3740 863 3804 etin
886 3741 987 3804 satirae
1010 3743 1146 3807 sexoaev.
1163 3744 1219 3804 lr'rl

197 4055 216 4117 ¹)
236 4053 320 4121 Apud
341 4052 497 4118 Horatium,
524 4066 692 4118 quamquam
710 4050 756 4102 hio
774 4056 862 4117 poeta
879 4048 1054 4116 pronomina,
1074 4062 1137 4113 quae
1157 4052 1223 4100 suut

239 4140 276 4189 dic
295 4143 325 4192 et
342 4138 394 4205 ille,
411 4138 499 4190 multo
520 4136 625 4203 saepius
644 4135 734 4202 ponit,
754 4134 860 4202 passim
880 4133 1013 4188 occurrit.
