2694 4582
139 279 182 343 40
416 275 459 328 De
478 274 613 329 liberiore
632 274 780 328 verborum
799 275 904 340 positu.

141 482 358 563 interponitur:
391 477 460 553 VII,
476 480 536 543 170
558 475 653 540 Fuso
674 497 797 561 oeueuu
818 465 925 553 sileat,
950 479 1058 543 mutue
1079 481 1192 562 mpro-

141 592 256 671 tueque
287 587 429 651 mam'tue
450 583 496 648 Et
525 604 596 668 qum
621 586 696 667 jum
727 590 847 651 ueteres
879 591 1003 652 suuaut
1029 590 1193 652 mortaria

143 716 242 762 eceeoe
264 695 317 760 ofr.
340 695 366 771 I,
383 695 450 770 115,
474 693 543 768 VH,
556 696 667 766 45-46,
691 694 939 772 viltam-neo.
964 702 995 759 et
1017 695 1077 766 ubi,
1091 696 1194 778 adjec-

141 805 242 869 tivum
253 810 441 885 (pronomen)
459 802 487 864 ei
500 801 645 878 adhaeret,
668 802 726 866 hoo
747 802 778 864 in
802 802 953 866 sententia
975 803 1120 884 primarie
1142 822 1192 867 re-

143 914 263 976 manet:
286 912 327 986 ΙΙ,
339 912 377 975 41
398 907 582 975 UudeHaee
594 911 681 985 emis,
700 909 825 973 hirsuto
838 909 1195 991 epiruutopobuisumu

146 1018 227 1085 cotto
244 1019 321 1100 Qum
334 1018 410 1096 utu
430 1017 517 1095 XIV,
529 1021 569 1083 84
578 1017 738 1082 Festinat
749 1017 794 1081 ad
803 1016 905 1093 o'ttum,
933 1018 1195 1099 Quamprimum

137 1127 288 1210 pometum
298 1129 395 1207 rupto
406 1128 597 1208 puetuoerat
609 1144 676 1203 ooo,
694 1144 796 1189 verum
811 1127 867 1190 hae
878 1145 911 1190 re
922 1127 1083 1191 Iuvenalis
1093 1126 1125 1190 in
1137 1125 1196 1190 tali

144 1234 335 1300 substantivo
346 1233 483 1316 ponendo
498 1217 677 1314 aptioribus
688 1234 786 1315 poetis
797 1233 935 1308 discedit,
951 1235 1040 1316 quod,
1053 1232 1129 1297 looie
1143 1252 1194 1298 en-

144 1360 201 1427 pra
225 1342 327 1406 citatis
343 1341 484 1421 exeeptis,
504 1340 727 1404 substantivum
753 1340 860 1404 ultimo
883 1341 1043 1405 sententiae
1058 1341 1196 1405 relativa

144 1451 210 1516 Ioco
222 1467 341 1530 semper
352 1449 446 1530 ponit,
468 1448 513 1512 ita
525 1449 560 1511 ut
573 1447 687 1530 ambigi
702 1448 807 1529 possit,
829 1450 933 1512 utrum
956 1450 992 1512 ad
1011 1448 1196 1512 sententiam

146 1557 310 1622 relativam
331 1556 491 1638 pertineat,
515 1575 552 1619 en
574 1556 612 1618 ad
634 1555 809 1637 primariam
832 1556 1033 1620 revocandum
1056 1556 1114 1621 eit:
1137 1555 1197 1636 111,

145 1669 206 1732 257
224 1664 313 1728 Nam
335 1664 366 1726 si
381 1663 566 1743 procubuit,
591 1665 646 1746 qui
667 1663 938 1744 souuLo'puetiou
953 1667 1070 1744 portat
1091 1663 1198 1742 Auis‚·

147 1773 184 1850 V,
198 1775 239 1839 80
260 1772 389 1851 Aspim,
413 1790 510 1854 quom
532 1770 626 1852 leupo
651 1771 817 1836 dieteudut
825 1771 1102 1852 peotouetuueem,
1118 1773 1199 1853 Qum

143 1879 257 1964 fertur
280 1879 409 1944 dommo
431 1879 562 1962 equitia,
597 1878 684 1952 VIII,
698 1885 755 1946 251
781 1881 889 1964 Atque
910 1880 991 1953 ideo,
1019 1883 1198 1963 postquem

148 1989 194 2053 ud
220 1986 367 2052 Gimbros
388 1990 591 2070 etuapemque
611 1987 775 2066 volabaut,
808 1989 872 2070 Qut
893 2008 1062 2072 uuuquum
1084 1989 1198 2070 uitupe-

148 2101 227 2161 raut
248 2095 377 2159 maiora
399 2094 687 2175 emmerammum
720 2097 776 2173 ΙΙΙ,
790 2099 850 2161 267
875 2096 943 2160 Neo
970 2096 1073 2172 dubet,
1104 2114 1198 2178 quem

142 2205 299 2287 pomiput
332 2221 394 2266 oue.
419 2203 585 2281 trientem·
622 2204 707 2278 XIII,
724 2207 766 2269 94
798 2203 980 2271 Dummodo
1014 2202 1064 2268 oet
1096 2222 1199 2268 eaeeue
1235 2285 1237 2289 ι

147 2316 282 2386 imaum,
312 2328 391 2392 puoe
413 2310 535 2391 atuepo
558 2330 723 2392 uumm03,·
761 2311 902 2388 vitane
925 2311 1052 2392 Aem'pe,
1080 2311 1199 2375 m'otori

136 2435 138 2439 ·
142 2417 289 2501 populus
311 2417 396 2500 quod
411 2417 563 2498 postulat
585 2438 711 2481 omum.
767 2419 961 2483 Heinriohius
983 2421 1053 2483 ante
1076 2417 1200 2502 equitia

147 2526 264 2602 incidit,
286 2524 481 2589 Hermannus
496 2529 568 2591 ante
579 2527 675 2601 eorm,
698 2527 720 2592 J
721 2526 830 2590 ehniue
842 2528 912 2589 ante
925 2546 1081 2603 mummoe,
1094 2545 1200 2591 omnes

149 2638 220 2699 ante
255 2653 382 2697 omum.
429 2632 690 2712 Quemadmodum
725 2635 756 2697 in
786 2634 931 2716 exemplis
959 2633 1111 2716 superiore
1133 2635 1200 2699 loeo

148 2742 259 2825 positis
282 2741 516 2816 substantivum,
540 2743 619 2823 quod
644 2741 825 2805 sententiam
849 2742 1006 2806 relativam
1031 2741 1200 2818 constituit,

148 2854 217 2934 post
238 2849 329 2914 verba
351 2849 496 2912 nonnulla
518 2850 583 2912 eius
605 2849 803 2930 imponitur,
836 2852 881 2929 ut,
912 2855 1016 2913 utrum
1038 2850 1200 2913 sententiae

148 2957 364 3039 interpositum
386 2957 436 3031 sit,
459 2976 497 3020 an
520 2975 590 3038 pars
613 2957 677 3020 eius
701 2957 782 3019 faeta
804 2956 853 3031 sit,
877 2955 915 3020 ob
938 2961 1067 3021 formam
1088 2957 1200 3039 ubique

150 3069 301 3130 servatam
323 3063 461 3146 dignosci
484 3082 542 3128 non
570 3064 675 3146 possit.
710 3063 754 3128 sio
786 3064 835 3127 hie
865 3083 982 3147 quoque
1005 3065 1079 3129 loeis
1102 3065 1201 3130 forma

150 3182 297 3248 servatur,
321 3172 373 3235 sed
394 3172 425 3234 in
450 3177 507 3235 sat.
530 3172 580 3235 ΙΠ
602 3192 630 3236 v.
643 3174 700 3237 55:
748 3171 847 3235 Tamti
870 3172 930 3235 tibi
951 3192 1018 3237 mou
1039 3173 1085 3235 eit
1107 3173 1202 3253 opom’

153 3278 267 3344 Omm'e
301 3298 405 3343 areum
430 3279 513 3361 Tupo'
546 3279 692 3362 quodque
723 3280 760 3343 iu
792 3300 883 3343 moue
913 3280 1056 3344 mmm
1082 3301 1202 3345 aurum

150 3386 300 3470 particula
322 3388 407 3469 que1)
430 3405 495 3450 rem
517 3387 626 3468 prodit.
670 3387 744 3452 Jem
766 3387 910 3469 exempla,
933 3406 999 3469 qnae
1016 3389 1202 3472 adjectivum

150 3495 201 3559 vel
223 3511 389 3576 pronomen
410 3494 465 3557 tali
487 3494 678 3558 substantivo
700 3495 880 3577 adjungunt,
915 3513 1128 3578 congeramus:
1162 3497 1201 3572 X,

154 3605 218 3668 272
242 3600 309 3665 Sed
329 3604 423 3665 tomo
453 3602 571 3665 eumue
594 3601 750 3666 Lotuam't
781 3604 875 3676 m'etu,
910 3623 980 3687 qum
1005 3607 1086 3684 poet
1117 3603 1203 3668 hum

151 3710 280 3773 uiueret
302 3728 405 3787 uuou;
438 3692 566 3782 VI,358
600 3711 669 3775 Nee
696 3731 730 3775 se
752 3712 883 3774 metitur
906 3711 951 3775 od
970 3711 1074 3789 illum,
1101 3711 1203 3792 Quem

1054 3842 1185 3850 —-.-—

175 3903 196 3968 ¹)
221 3901 293 3954 Mire
313 3902 427 3956 Ovidius
446 3903 473 3954 in
494 3902 577 3956 simili
597 3905 797 3957 sententiarum
818 3906 1014 3970 conjunctione
1033 3899 1203 3972 partientem

223 4003 274 4051 que,
293 3986 341 4040 ubi
359 3985 445 4040 verbo
466 3987 612 4039 sententiae
632 3988 772 4054 primariae
793 3989 912 4041 alterum
930 3989 1044 4042 verbum
1064 3989 1203 4058 adjungit,

220 4071 380 4138 pronomini
398 4071 516 4122 relativo
537 4071 659 4127 suffixit:
676 4073 745 4126 Met.
755 4072 816 4139 vn,
827 4075 861 4129 78
882 4073 948 4124 Solet
965 4093 981 4124 a
998 4077 1072 4125 ventio
1090 4075 1204 4126 alimento

222 4173 346 4223 resumere,
366 4171 462 4221 qumque
478 4156 565 4206 Parvo
582 4158 624 4206 eud
648 4157 744 4208 inducto
762 4158 832 4208 latuit
849 4159 956 4208 scintille
966 4159 1064 4224 fovilla
1085 4160 1203 4212 Crescere.
