2694 4582
150 265 191 325 42
438 259 482 311 De
499 257 633 310 liberiore
653 256 798 309 verborum
817 256 921 322 positu.

151 463 444 546 panasententiam
460 462 650 544 interjectam
674 464 743 540 apte
765 460 921 536 inducunt,
944 459 1205 542 caraerequirere

151 572 271 635 videtur
294 570 349 634 cfr.
375 571 449 635 Hor.
474 571 536 634 Sat.
559 570 599 645 II,
622 572 651 643 2,
675 572 712 633 27
737 569 828 632 Nara
849 569 991 635 nasceris,
1007 570 1083 644 ista,
1106 588 1206 651 qaam

152 680 284 757 laudas,
303 678 433 760 pluma.
466 678 574 742 Restat
589 677 716 758 denique
738 674 831 748 licus,
854 676 905 757 qui
926 677 959 739 in
982 676 1076 739 satira
1097 676 1204 757 quinta

150 807 206 868 av.
220 791 258 853 87
283 787 416 870 legitur:
439 788 486 850 At
507 784 566 861 bic,
590 787 645 868 qai
667 784 821 848 Pallidus
843 783 981 866 affertur
1001 785 1119 847 inisero
1143 782 1204 847 tibi

151 895 266 972 caulis,
287 893 606 975 olebitLaateraani,
625 894 675 975 qui
687 893 845 959 luvenalis
861 894 946 956 locus
957 892 1054 956 rarius
1064 890 1202 954 relativae

148 1004 341 1068 attractionis
365 1002 537 1084 exemplum
559 1002 704 1083 praebens,
727 1004 840 1083 quaet
862 1000 1095 1073 substantivum,
1119 998 1201 1080 quod

149 1112 335 1176 sententiam
370 1111 530 1174 relativam
563 1109 729 1185 constitnit,
764 1113 796 1172 et
828 1109 1009 1191 adjectivum
1043 1109 1200 1194 adhaerens
1271 1119 1275 1128 ·

149 1220 311 1284 sententiae
346 1219 481 1282 relativae
516 1219 670 1300 adjuncta.
694 1220 778 1289 snnt,
817 1237 877 1280 non
909 1216 1010 1279 minus
1044 1215 1200 1279 evidenter

150 1324 331 1391 structuram
355 1316 512 1390 verborum
535 1325 642 1406 prodit,
677 1344 769 1406 quam
801 1325 880 1406 apud
902 1323 1063 1388 Horatium
1097 1322 1198 1396 verba,

149 1455 215 1516 quae
239 1438 330 1498 sunt:
369 1435 451 1515 Quis
472 1453 538 1503 aaa
560 1431 733 1505 maloram,
756 1451 837 1515 qaas
859 1451 952 1495 aanor
974 1451 1072 1494 caras
1094 1431 1198 1508 babet,

147 1542 214 1606 baa
250 1545 337 1606 inter
370 1541 571 1605 obliviscitur
593 1542 698 1622 (lipod.
732 1542 773 1618 II,
806 1541 870 1624 37),
904 1540 993 1622 quale
1026 1541 1196 1623 exemplum

146 1653 227 1732 apud
251 1649 437 1716 Juvenalem
459 1669 518 1713 nun
540 1651 700 1713 invenitur.
744 1649 804 1714 Hic
831 1648 1014 1712 substantivi
1046 1648 1078 1711 in
1111 1649 1196 1714 clau-

150 1758 218 1821 sula
252 1758 412 1821 sententiae
447 1757 580 1820 relativae
614 1757 730 1839 positus
752 1756 911 1822 luvenalis
934 1757 1070 1837 proprius
1094 1759 1142 1820 est
1164 1761 1196 1822 et

148 1866 227 1946 apud
250 1867 377 1946 priores,
401 1865 453 1948 qui
475 1869 529 1928 aut
551 1864 721 1946 pronomini
743 1865 869 1928 relativo
891 1865 922 1927 id
937 1865 1126 1947 subjungunt
1141 1867 1196 1928 aut

149 1973 310 2037 sententiar
333 1973 539 2054 interponunt,
563 1973 659 2041 rarius
680 1973 870 2054 invenitur1),
895 1974 945 2035 sed
962 1973 1053 2039 modo
1063 1972 1101 2036 iis
1118 1972 1195 2037 locis

145 2087 235 2164 poeta
257 2081 433 2157 attractioni
448 2080 559 2143 favisse
575 2080 702 2153 videtur,
726 2081 834 2162 quibus
857 2080 985 2149 formant
1008 2079 1194 2153 substantivi

65 2169 66 2175 ἵ
144 2190 340 2252 immutatam
364 2206 481 2252 serrare
504 2188 645 2268 potuerit,
667 2190 746 2252 unde
769 2188 883 2251 facturn
907 2190 962 2256 est,
996 2191 1031 2250 ut
1051 2187 1083 2250 in
1106 2190 1194 2251 tanta
1291 2170 1293 2175 ¹

146 2300 352 2377 exemplorum
375 2296 460 2377 copia
481 2296 527 2359 bis
550 2299 671 2359 tantum
689 2315 776 2359 casus
789 2297 925 2358 mutatus
938 2295 1067 2359 discerni
1078 2301 1190 2377 posset.

144 2406 193 2468 Ad
226 2404 305 2475 bano
339 2404 522 2468 substantivi
558 2403 824 2486 transpositionem
862 2403 1050 2466 tractandam
1089 2405 1191 2467 trans-

145 2514 252 2575 euntes
275 2513 312 2576 ad
335 2531 405 2575 eum
428 2512 586 2576 luvenalis
609 2512 752 2593 loquendi
774 2529 864 2574 usum
886 2510 1080 2584 attendimus
1110 2510 1191 2591 quod

145 2620 318 2703 subjectum
340 2621 377 2683 ab
401 2621 489 2684 initio
512 2621 671 2684 sententiae
690 2639 786 2701 usque
805 2620 847 2682 >ad
858 2618 1024 2682 clausulam
1037 2620 1191 2684 retrabere
1283 2695 1286 2699 ,

143 2730 242 2800 amat;
277 2729 404 2791 eundern
441 2728 506 2792 eius
539 2729 673 2809 positum
706 2729 799 2790 etiam
826 2728 856 2790 in
879 2727 1057 2790 attractione
1080 2730 1189 2791 servat.

142 2836 195 2911 At,
229 2835 337 2900 dixerit
369 2835 488 2916 aliquis,
522 2853 622 2899 nonne
652 2839 716 2897 tota
738 2836 803 2899 baec
826 2837 907 2920 apud
928 2833 1111 2900 Juvenalem
1140 2837 1189 2899 at-

142 2944 250 3006 tractio
280 2943 404 3006 relativi
437 2945 511 3017 loco,
545 2943 596 3023 qui
624 2943 654 3007 in
678 2942 770 3005 satira
792 2942 864 3005 XlV
888 2961 906 3006 a
927 2962 954 3006 v.
979 2945 1038 3007 142
1059 2941 1188 3024 legitur:

142 3050 318 3133 Maiorque
355 3049 485 3114 uidetur
516 3048 562 3112 Et
601 3048 715 3114 melior
746 3050 856 3114 uicina
888 3069 991 3130 sepes,
1031 3051 1189 3116 mercaris

143 3162 173 3222 et
205 3157 289 3221 bana
323 3161 353 3222 et
376 3158 524 3221 Arbusta
551 3161 581 3221 et
610 3157 711 3222 densa
742 3161 881 3222 montana
903 3159 958 3240 qai
987 3162 1080 3222 canet
1101 3158 1189 3222 oliva

142 3265 279 3329 funditus
302 3266 456 3344 evertitur,
486 3284 582 3330 nonne
603 3265 663 3329 huc
685 3265 782 3328 locus:
812 3263 902 3330 Unde
924 3264 990 3328 bac
1012 3267 1100 3347 emir,
1123 3265 1188 3329 lair-

141 3377 214 3436 sato
237 3375 370 3454 spirant
392 3373 603 3454 opobalsama
631 3372 711 3436 eollo
738 3374 816 3454 Qua
849 3372 931 3436 tibi?
963 3374 1044 3438 trahi
1077 3374 1188 3439 debet?

143 3480 383 3556 Substantivum,
414 3483 492 3564 quod
523 3481 704 3546 sententiam
734 3481 894 3545 relativam
926 3481 1094 3558 constituit,
1127 3500 1187 3546 non

85 3847 88 3853 .
166 3807 185 3868 ¹)
211 3807 278 3859 Hor.
307 3811 357 3858 sut.
385 3805 406 3871 I,
428 3808 450 3870 l,
468 3806 502 3859 87
530 3805 561 3856 si
576 3823 640 3855 nemo
655 3813 764 3870 praelat,
791 3823 858 3869 quan
875 3824 918 3855 non
936 3806 1049 3855 merearis
1071 3822 1184 3864 amorem
1208 3793 1209 3798 ¹

208 3890 244 3956 ΙΙ,
264 3893 288 3953 2,
306 3891 340 3945 86
375 3890 431 3940 uiui·
455 3890 566 3954 quidnam
592 3889 683 3939 ademit
707 3889 742 3939 ad
766 3890 845 3956 rictum,
859 3949 862 3955 ι
877 3890 954 3948 Quam
972 3908 1032 3954 puer
1050 3899 1071 3940 et
1088 3889 1185 3940 validas

205 3976 330 4039 praesumis
347 3974 477 4038 mollitiem
498 3973 610 4026 Ovidius
629 3972 749 4040 plurima
768 3973 897 4040 exempla
914 3973 1037 4041 praebet:
1064 3975 1128 4027 liet.
1148 3974 1184 4040 ΙΙ,

208 4061 258 4115 ddi)
276 4061 325 4110 Est
342 4058 416 4108 oblita
434 4060 574 4124 pharetram
584 4073 586 4076 ·
597 4058 690 4108 Tollere
710 4076 760 4108 cum
778 4058 831 4108 telis
848 4068 870 4109 et
886 4075 952 4123 qvem
969 4059 1126 4127 suspenderat
1142 4077 1184 4119 ar-

207 4161 265 4203 cam,
283 4143 333 4208 III,
348 4145 394 4197 121
414 4143 534 4208 Exspirat
552 4143 617 4193 modo
635 4160 696 4208 quas
714 4153 838 4210 acceperat
855 4160 937 4195 auras.
