2694 4582
292 1395 300 1406 ’
432 1427 481 1506 iio
508 1426 713 1506 notionibus
739 1426 1005 1506 transferendis.

668 1617 768 1625 *m

278 1667 412 1780 Inidium
447 1736 464 1778 a
501 1716 572 1777 noio
604 1714 657 1778 illo
689 1714 831 1794 loquendi
871 1734 928 1779 usu
967 1714 1128 1787 faciemus,
1162 1716 1243 1796 quod

191 1825 317 1889 effeetus
350 1823 399 1885 vel
434 1824 549 1913 statue,
585 1822 636 1903 qui
669 1823 818 1896 efficitur,
852 1822 911 1903 ipsi
934 1821 1080 1886 efficienti
1101 1822 1145 1886 rei
1167 1823 1241 1886 sub·
1321 1904 1325 1911 .

190 1932 311 2014 jioidur:
347 1931 391 1992 sie
413 1929 450 1992 ob
473 1928 618 2009 pallorem
642 1930 755 1992 mortui
777 1949 864 1993 mors
891 1928 1026 2009 pallido
1048 1930 1096 2003 fit,
1122 1928 1241 2011 fedore,

191 2037 261 2119 quia
285 2055 428 2100 somnum
450 2054 530 2116 aegro
553 2036 650 2116 eripit,
675 2036 756 2117 oe'pe'l
772 2038 871 2117 (XIII,
895 2041 979 2118 229),
1003 2038 1110 2101 eierato
1130 2035 1242 2119 pelidae

190 2145 273 2224 (VII,
296 2145 381 2224 206),
405 2144 505 2207 hiems
528 2143 681 2225 deformis
705 2144 769 2222 (IV,
794 2149 847 2225 58)
864 2148 996 2224 pratea,
1020 2145 1091 2226 quia
1113 2146 1241 2210 chordas

188 2252 311 2332 crispae,
335 2253 464 2331 erispas
487 2252 552 2325 (VI,
576 2253 645 2328 32),
669 2255 786 2331 porta,
810 2271 878 2333 quae
901 2251 1097 2316 custodienda
1119 2255 1167 2316 esi
1188 2254 1239 2316 do·

189 2359 273 2422 mino
295 2359 442 2435 sollicito,
466 2378 538 2432 non,
562 2360 709 2440 quomodo
743 2359 834 2440 vulgo
867 2358 1026 2440 explicant„
1053 2360 1108 2422 »ob
1130 2360 1240 2423 simili-

189 2467 326 2529 tudinem
361 2471 454 2547 portae
489 2467 745 2549 oppugnationem
778 2465 943 2528 metuendis
978 2467 1112 2547 adeoque
1150 2466 1239 2530 valde

188 2573 354 2648 munitae«,
378 2573 521 2638 sollicita
544 2575 608 2644 (eir.
632 2574 704 2637 Hor.
729 2572 790 2636 Sed.
816 2573 861 2647 ΙΙ,
884 2575 915 2648 ’6,
940 2575 980 2637 78
1004 2571 1042 2636 sa·
1065 2574 1139 2654 qais
1160 2593 1240 2637 aem

188 2680 425 2745 daredotArelde'
441 2680 609 2745 Sollicitos
630 2681 771 2760 e'paaras
794 2682 894 2760 opee);
909 2678 1067 2762 fenestrae
1089 2679 1238 2761 colopard-

190 2793 236 2852 tee
260 2790 323 2863 (VI,
348 2793 415 2861 31),
452 2793 481 2851 ed
505 2787 599 2852 simili
629 2789 718 2852 modo
739 2787 876 2850 Haemus
899 2790 931 2851 ei
952 2787 1143 2869 Bathyllus
1167 2789 1238 2870 quia

188 2896 220 2959 in
245 2896 347 2960 mimis
371 2896 479 2959 molles
502 2896 683 2958 feminarum
708 2898 809 2976 paries
830 2899 935 2977 agunt,
958 2894 1070 2960 molles
1093 2897 1239 2959 vocantur

190 3003 255 3084 (Vi,
280 3007 330 3076 63,
354 3004 409 3075 ΙΙΙ,
434 3005 496 3079 39).
548 3001 711 3065 Veaeeeam
732 3003 865 3084 adpraei
892 3002 941 3065 vel
964 3006 1073 3065 airum
1095 3003 1141 3066 vel
1167 3002 1237 3065 liva'·

187 3111 265 3174 dam
287 3116 350 3186 esi,
385 3111 464 3172 unde
487 3113 577 3190 poete
600 3087 692 3172 latios
722 3109 958 3184 remordendis,
997 3113 1088 3192 atque
1110 3109 1236 3174 livorem

188 3219 297 3280 veneni
320 3218 356 3280 ad
380 3217 497 3292 eibum,
525 3216 556 3278 in
579 3235 637 3297 quo
660 3235 810 3279 venenum
832 3217 918 3293 latet,
940 3208 1102 3293 transiere
1136 3217 1182 3280 ida
1203 3222 1239 3281 ui

187 3325 327 3405 adipata
351 3325 457 3386 matris
480 3324 620 3386 veneficae
645 3322 748 3386 livido
770 3324 846 3386 fiand
865 3324 930 3401 (Vl,
954 3326 1038 3401 631).
1083 3324 1251 3402 Quemad-

187 3433 312 3495 modum
335 3433 449 3504 status,
485 3430 536 3511 qui
560 3429 705 3508 efficitur,
740 3432 798 3512 ipsi
821 3431 878 3506 rei,
909 3451 976 3512 quae
999 3433 1062 3494 vim
1085 3431 1238 3496 efficiendi

184 3539 296 3616 habet,
331 3538 527 3619 adjungitur,
561 3539 605 3600 sio
629 3540 744 3610 status,
780 3539 812 3601 in
842 3556 931 3620 quem
955 3557 1081 3619 persona
1103 3539 1236 3603 irridere

187 3646 274 3718 solet,
298 3645 476 3708 attribuiive
498 3645 526 3708 ei
548 3645 703 3708 interdum
726 3646 854 3720 additur,
879 3650 910 3708 ei
935 3645 1072 3722 dodras,
1097 3646 1168 3727 quia
1189 3627 1256 3709 re?

183 3753 307 3816 ditando
329 3771 438 3815 raucus
462 3753 505 3817 dr.
528 3771 649 3814 roseas
672 3735 797 3816 roratur
818 3753 855 3833 (Ι,
879 3755 926 3830 2),
955 3773 1025 3816 eum
1048 3770 1107 3834 quo
1128 3772 1187 3816 usu
1209 3753 1236 3815 is

71 3848 75 3854 ’
186 3859 320 3941 proxime
343 3859 490 3931 cohaeretq
515 3859 593 3940 quod
617 3862 728 3926 siaius.
759 3860 810 3940 qui
833 3859 950 3923 artiore
972 3860 1071 3923 aliena
1093 3860 1235 3940 efficitur,

185 3967 245 4048 ipsi
267 3967 395 4030 aetionis
431 3966 548 4044 objecto
581 3966 776 4047 praedieative
810 3967 930 4030 additur
965 3984 1013 4032 rex
1041 3967 1236 4055 praedicativo

186 4069 272 4137 enim
291 4074 432 4156 adjectivi
464 4093 523 4137 usu
545 4093 580 4139 oa
601 4074 746 4154 loquendi
773 4073 887 4149 forma,
921 4093 987 4155 quae
1010 4074 1157 4156 prolepsis
1180 4074 1235 4137 ad-
