2694 4582
187 272 247 336 158
499 332 504 342 Ι
626 268 667 320 lle
687 267 792 334 ellipsi.

184 471 276 535 etiam
300 468 438 535 honestis
460 471 550 534 rebus
573 470 709 551 imponit,
733 471 813 551 quod
836 471 917 536 idem
939 473 1028 536 docta
1048 473 1161 537 mulier
1182 473 1233 538 fa·

184 595 252 642 cere
275 578 366 641 debet
397 596 494 659 neque
524 578 679 660 debuine,
703 577 826 642 laudern
847 596 951 659 parare
985 580 1076 643 nimis
1098 581 1231 655 studere,

184 703 254 751 nam
289 704 357 765 quae
390 685 491 748 ulmis
519 684 614 748 docta
646 685 741 750 videri
768 685 866 766 eupit,
903 703 1060 767 personam
1094 687 1230 751 mulieris

184 791 275 856 exuit.
320 792 415 854 Poeta
449 794 531 855 certe
564 793 701 857 vocibus:
734 793 874 872 imponit
898 793 1001 876 fircera
1031 795 1168 873 sapaces
1201 797 1232 858 et

183 898 279 962 rebus
300 897 445 961 honestas
468 899 584 962 nullam
603 899 819 981 philosophicae
842 918 943 963 rerum
965 901 1161 964 honestarum
1184 900 1231 964 di·

183 1005 309 1069 visionis
332 1023 429 1087 neqne
453 1005 644 1069 tractationis
674 1005 926 1088 significationem
956 1007 1098 1088 subjecit,
1133 1025 1230 1088 neque

183 1131 288 1176 versus
312 1112 380 1194 ejici
401 1115 517 1193 potest,
548 1131 617 1176 nam
640 1113 721 1176 inter
743 1131 790 1176 res
813 1114 969 1190 honestas,
1003 1114 1112 1196 quibus
1136 1115 1230 1177 etiam

181 1218 329 1283 mulieres
362 1237 484 1301 operam
517 1221 586 1283 dare
622 1219 754 1300 possint,
787 1221 922 1284 studium
957 1220 1102 1284 doctrinae
1135 1221 1231 1302 ponit,

182 1326 272 1390 modo
312 1326 448 1390 honestis
489 1326 600 1390 tinibus
639 1328 697 1391 hoo
738 1327 874 1391 studium
913 1326 1163 1391 circumscribant
1201 1332 1234 1392 et

57 1460 60 1467 ·
183 1435 322 1516 quaedam
346 1453 380 1497 er
412 1432 500 1497 libris
527 1452 565 1496 ne
593 1433 769 1516 intelligant
794 1444 833 1506 (v.
855 1434 942 1507 451).
996 1434 1061 1498 Vox
1089 1435 1232 1514 sapione,

183 1559 250 1623 quae
273 1541 374 1604 abacis
397 1540 496 1604 doetoe
524 1541 702 1622 opponitur,
732 1559 791 1603 non
815 1557 869 1622 pro
893 1541 1082 1604 substantivo
1112 1543 1167 1624 (ε
1191 1541 1238 1604 vir

184 1648 321 1730 sapiens)
345 1649 445 1729 posita
468 1651 523 1726 est,
548 1649 599 1712 sed
624 1650 655 1711 et
677 1648 715 1710 ad
736 1667 805 1710 aaa
828 1653 869 1724 (v.
881 1651 958 1727 443)
986 1652 1016 1710 et
1040 1647 1077 1710 ad
1099 1648 1234 1728 sapiens

184 1753 427 1832 substantivum,
462 1756 539 1836 quod
571 1757 618 1818 est
632 1753 780 1836 ferratae,
814 1755 844 1816 in
868 1755 924 1817 hac
952 1754 1047 1817 satira
1075 1755 1140 1819 sine
1168 1754 1234 1818 ulla

184 1861 370 1925 difficultate
397 1863 494 1925 audiri
525 1865 641 1943 potest,
677 1865 708 1925 et
729 1862 863 1941 sopiens
891 1862 970 1943 apud
1000 1862 1104 1942 poetas
1135 1861 1229 1925 simili

171 1968 271 2031 modo
296 1969 410 2049 passim
432 1968 553 2049 ponitur
576 1969 642 2044 (etr.
665 1968 738 2032 Hor.
752 1967 815 2055 Sat.
830 1970 868 2042 Il,
892 1971 922 2045 4,
944 1973 986 2034 44
1009 1966 1171 2031 Feeuadce
1194 1967 1234 2032 le-

177 2076 275 2154 poris
296 2076 432 2155 sopiens
459 2075 638 2139 sectabitur
659 2094 784 2150 ararem
807 2095 879 2138 num
904 2075 943 2137 H.
966 2075 1017 2138 hic
1040 2076 1076 2138 de
1099 2075 1236 2156 sapiente

184 2182 353 2265 cogitavit).
399 2183 468 2245 Non
492 2201 583 2264 nego,
618 2183 711 2246 etiam
741 2185 766 2246 si
789 2183 923 2263 cupieos
951 2183 986 2244 de
1009 2182 1074 2246 viro
1096 2182 1235 2265 sapiente

184 2289 303 2353 dietum
327 2307 393 2352 esse
415 2291 555 2371 putetur,
588 2291 692 2353 eadem
720 2289 768 2352 via
791 2291 919 2353 eandem
945 2289 1130 2352 sententiam
1153 2289 1234 2352 edici

183 2414 290 2477 possa-z
328 2397 373 2459 vir
399 2396 527 2479 sapiens
555 2395 647 2458 finem
680 2397 773 2459 etiarn
804 2396 941 2459 honestis
974 2395 1064 2459 rebus
1095 2395 1235 2476 imponit,

101 2540 103 2546 ·
184 2503 265 2584 quod
288 2503 368 2566 idem
392 2502 512 2584 sapiens
534 2502 644 2566 mulier
665 2502 764 2566 facere
787 2502 885 2578 debet,
908 2520 978 2565 nam
995 2520 1061 2583 quae
1084 2521 1159 2584 sqq,
1182 2503 1235 2566 sed

183 2609 316 2690 priorem
339 2610 560 2674 enarrationem
584 2610 803 2692 praferendam
827 2627 893 2672 esse
916 2609 1104 2675 crediderim.
1135 2608 1235 2673 Huius

182 2717 342 2798 particulae
370 2737 449 2780 aura
479 2736 554 2780 usus
588 2715 737 2797 imprimis
766 2715 930 2780 Sallustius
963 2715 1063 2779 multa
1096 2715 1232 2797 exempla

182 2823 307 2904 praebet.
340 2822 398 2898 Sic,
421 2826 456 2887 ut
478 2843 571 2887 uuum
596 2841 761 2904 excerpam,
784 2826 898 2900 auctor,
921 2825 1081 2904 postquam
1103 2822 1135 2885 in
1158 2822 1230 2886 bell.

183 2930 255 3012 Jug.
287 2949 350 3012 oap.
377 2934 416 2996 19
450 2930 563 2994 Africae
591 2930 682 2994 urbes
717 2930 980 3007 commemoravit,
1015 2928 1232 3012 Carthaginem

182 3037 334 3101 transiens
367 3038 424 3102 hoc
454 3038 543 3103 dicit:
584 3057 662 3100 acm
695 3037 732 3100 de
763 3035 966 3117 Cartbagine
993 3035 1090 3100 silere
1117 3035 1233 3100 melius

176 3147 259 3223 pato
285 3164 384 3224 qaam
399 3164 524 3224 param
546 3143 652 3208 dicere
683 3144 738 3224 (=
761 3143 977 3225 Carthaginem
1009 3162 1069 3206 non
1098 3162 1232 3208 comme·

182 3250 321 3329 morabo,
344 3271 415 3314 nam
438 3260 525 3332 squ·
576 3251 676 3314 Nimis
705 3250 812 3314 multis
842 3250 921 3331 apud
944 3250 1128 3314 ,iuvenalem
1156 3242 1232 3314 locis

183 3357 233 3439 (de
263 3358 480 3422 recentioribus
504 3358 684 3439 quibusdam
711 3355 869 3422 ,luvenalis
892 3356 1071 3433 editoribus,
1098 3356 1149 3438 qui
1173 3375 1232 3421 non

183 3466 272 3529 modo
294 3466 358 3528 fere
380 3469 520 3546 quartam
544 3465 639 3530 totius
662 3466 759 3546 poetae
781 3463 879 3544 operis
901 3465 1017 3545 partem
1040 3465 1076 3526 ut
1098 3462 1232 3545 spuriam

181 3575 349 3648 removent,
373 3573 424 3635 sed
438 3573 575 3635 ordinem
597 3590 714 3654 quoque
737 3589 880 3634 versuum
905 3571 981 3633 mire
996 3570 1129 3646 turbant,
1152 3570 1230 3634 nihil

182 3679 260 3743 mihi
283 3679 446 3742 dicendum
468 3698 534 3742 esse
557 3680 691 3760 videtur,
721 3679 766 3742 ita
788 3677 853 3741 sine
875 3676 939 3740 ulla
967 3676 1084 3740 ratione
1106 3681 1228 3758 poetam

181 3785 340 3864 mutilant)
364 3787 544 3867 interpretes
568 3787 704 3850 ordinem
726 3803 869 3848 versuum
891 3784 1053 3847 immutare
1082 3783 1230 3848 videntur.
1293 3867 1295 3871 .

184 3893 242 3958 Ubi
258 3913 289 3956 re
302 3911 371 3957 vera
383 3893 498 3957 turbati
508 3893 621 3974 aliquid
632 3892 715 3968 insit,
728 3892 806 3973 quod
817 3895 870 3955 aut
883 3891 1023 3970 junctura
1034 3891 1231 3971 grammatice

182 4000 326 4082 explicari
349 4004 487 4083 nequeat,
511 4005 564 4064 aut
586 3999 681 4063 oratio
703 4000 923 4079 nondecurrat,
947 4000 978 4060 et
995 3997 1229 4078 transpositione

182 4127 326 4173 versuum
349 4109 453 4172 omnia
474 4109 506 4171 in
530 4107 663 4172 ordinem
687 4105 784 4187 redigi
806 4105 938 4186 possint,
963 4104 1229 4185 transpositionem
