2694 4582
594 273 637 325 De
657 272 762 341 ellipsi.
1142 265 1203 340 119

151 476 232 540 trcni
255 495 419 558 pauperem
442 477 602 552 clientem,
636 481 686 556 qui
716 475 753 537 ad
777 495 902 540 coenam
922 476 1071 541 invitatus
1093 495 1202 558 panem

151 585 306 648 meliorem
331 587 362 648 et
386 584 507 648 demine
531 583 696 666 sepositum
720 601 825 662 capere
848 601 940 648 ausus
963 587 1036 659 erat,
1060 603 1128 648 eum
1152 603 1202 668 pc

151 710 222 755 nere
246 693 411 775 coegit‚·hi
436 711 539 756 versus
562 711 629 755 av.
655 694 695 758 16
717 689 879 769 leguntur:

195 844 326 909 Scilicet
348 846 406 909 hcc
420 844 547 928 suerat,
564 846 703 924 propter
726 843 812 922 quod
833 862 918 923 sepe
939 843 1055 907 relicte
1176 911 1180 918 ,

198 953 344 1035 Coajcpc
359 975 423 1035 pcc
445 957 583 1016 meatem
606 951 779 1015 aduersum
799 949 990 1032 pelicesque
1011 953 1142 1017 cacurri

192 1059 375 1141 Esquilias,
390 1061 546 1146 fremeret
567 1079 655 1123 Soeva
678 1079 778 1139 quum
798 1058 962 1140 praedica
983 1081 1103 1124 cereus

193 1168 356 1250 1111111111,
382 1174 411 1234 ci
433 1167 534 1231 meritc
556 1166 701 1230 ct'llurei
716 1165 855 1246 paeaciu
877 1167 994 1232 nimbo.

150 1339 228 1402 alter
250 1340 280 1401 in
305 1340 400 1402 satira
422 1339 554 1420 septima
575 1337 697 1419 legitur.
724 1354 782 1418 quc
804 1337 871 1400 leco
886 1340 954 1418 pest
977 1354 1200 1403 commemora·

149 1447 263 1510 tionem
288 1446 447 1533 discipuli,
483 1464 520 1508 ne
544 1445 660 1507 rhetori
683 1443 866 1526 stipendium
891 1444 1006 1523 solvat
1030 1447 1199 1510 recusantis

148 1572 167 1616 a
191 1574 217 1615 v.
248 1558 304 1620 158
328 1556 394 1616 haec
417 1553 532 1634 scripta
555 1555 643 1615 sunt:

821 1702 929 1785 Ocipac
954 1704 1098 1769 doceatis

192 1811 322 1876 Scilicet
347 1813 511 1893 arquitur,
537 1811 623 1891 quoii
645 1811 844 1891 laevaparte
865 1811 1019 1875 mamillae

190 1919 251 1983 Nil
273 1920 353 1982 sciit
374 1919 535 1983 Arcadico
553 1920 678 2000 juveni,
702 1919 796 1982 cuius
819 1919 900 1982 cciii
922 1923 1015 1984 seete

194 2028 328 2108 Quaque
350 2027 401 2091 (iic
423 2028 576 2090 miserum
599 2027 694 2090 dices
717 2030 816 2108 caput
837 2026 1013 2091 Hannibal
1034 2026 1155 2108 implet.

147 2196 284 2260 Priorem
305 2197 406 2260 lecum
420 2197 593 2278 Rupertius
609 2217 673 2261 rem
687 2198 851 2279 dijudicare
863 2215 923 2260 nen
935 2215 1036 2272 ausus,
1050 2197 1094 2260 sie
1110 2216 1197 2260 enar·

146 2307 208 2367 rat:
246 2304 352 2368 »verbu
376 2323 430 2367 seu
452 2304 584 2386 cogitata
608 2305 729 2368 clientis
752 2304 939 2390 indignantis
962 2305 994 2367 et
1013 2322 1200 2385 conqueren-

146 2411 203 2487 tis,
233 2430 265 2475 se
287 2430 341 2492 prc
366 2414 410 2473 tet
427 2411 551 2477 officiis,
576 2432 643 2493 quae
667 2414 792 2492 patrone
814 2412 966 2492 praestitit,
990 2415 1053 2474 tam
1075 2411 1200 2493 indigne

145 2519 306 2598 tractari«3
341 2518 537 2582 Heinrichius
565 2520 691 2582 tacitam
713 2519 867 2600 querelam
890 2519 1042 2582 sententia
1064 2519 1200 2601 ineptam

146 2643 212 2688 esse
249 2625 361 2701 dicens,
392 2645 443 2706 pm
468 2627 614 2700 cucurri,
652 2644 742 2706 quam
778 2625 905 2688 formam
941 2643 1046 2689 omnes
1080 2627 1198 2690 cedices

144 2751 205 2795 unc
228 2735 351 2813 excepte
376 2734 503 2810 habent,
537 2734 683 2796 cucurrit
710 2732 875 2814 legendum
910 2750 976 2795 esse
999 2734 1118 2805 censet3
1158 2734 1195 2796 de

145 2839 241 2903 altero
264 2840 345 2920 loco,
376 2859 466 2922 quem
490 2842 655 2923 Rupertius
678 2839 857 2922 responsum
889 2840 1018 2903 rhetoris
1041 2839 1196 2904 continere

144 2949 251 3027 putat,
287 2947 367 3010 silet.
426 2949 461 3010 In
485 2951 612 3030 utruque
642 2948 708 3011 icco
737 2948 917 3028 intepretes
940 2947 971 3009 iu
995 2965 1124 3010 errorem
1149 2947 1197 3010 iu·

144 3055 266 3118 duxisse
304 3055 425 3118 videtur
463 3074 537 3119 usus
577 3055 734 3136 particulae
772 3053 910 3130 scilicet,
956 3074 1015 3136 qua
1048 3054 1198 3135 particula

143 3161 304 3227 iuvenalis
319 3163 350 3224 in
373 3157 561 3226 concedendo
588 3162 636 3225 vel
655 3163 686 3225 in
701 3161 917 3244 perspicuitate
940 3161 984 3224 rei
1000 3160 1198 3244 significanda

144 3286 204 3331 nnn
227 3269 332 3342 utitur,
369 3271 422 3332 sed
444 3271 533 3333 medo
564 3269 617 3332 ubi
639 3270 749 3332 salsam
774 3270 817 3332 rei
840 3286 989 3350 perversae
1012 3273 1102 3351 atque
1126 3269 1197 3333 riti-

145 3394 205 3439 osae
228 3376 399 3438 irrisionem
423 3395 564 3457 promens
592 3379 646 3449 aut
668 3376 822 3439 hominem
845 3376 989 3439 vitiosum
1018 3376 1067 3439 vel
1090 3376 1196 3440 adver-

144 3483 257 3546 sarium
282 3483 389 3546 fictum
412 3487 466 3546 aut
488 3483 563 3547 vitia
585 3483 633 3547 sui
655 3483 800 3565 temporis
823 3483 959 3564 exagitat
981 3482 1035 3546 cfr.
1059 3483 1098 3559 11,
1126 3485 1196 3560 122,

143 3590 198 3668 VI,
222 3593 293 3670 239,
317 3594 390 3673 541,
415 3593 485 3665 635,
508 3591 590 3661 XIV,
617 3594 686 3656 156.
744 3590 916 3671 Aptissima
939 3597 986 3654 est
1008 3588 1104 3672 igitur
1125 3609 1196 3671 par·

143 3697 239 3761 ticula
257 3698 305 3761 his
323 3698 406 3771 locis,
431 3697 483 3761 ubi
506 3701 594 3779 pceta
610 3696 740 3760 alicuius
752 3697 973 3779 impudentiam
997 3697 1088 3761 bilem
1101 3701 1194 3778 atque

139 3806 254 3869 tacitas
278 3805 504 3886 deprecationes
527 3805 678 3878 heminis,
701 3804 752 3887 qui
775 3804 887 3887 injuria
910 3805 1050 3879 afficitur,
1073 3822 1196 3868 11101111-
1221 3862 1224 3866 a
1324 3789 1327 3796 ’

143 3916 208 3976 tem
231 3912 339 3994 pingit,
363 3917 393 3976 et
415 3913 447 3976 in
469 3912 536 3994 ipsa
552 3912 711 3994 particulae
730 3911 951 3993 significatione
976 3930 1082 3975 caussa
1104 3912 1195 3986 inest,

143 4039 205 4095 cur,
229 4020 414 4084 cohaerentia
436 4020 580 4083 orationis
602 4038 656 4100 per
675 4038 707 4083 se
720 4019 887 4101 perspicua,
911 4020 1058 4083 transitus
1081 4019 1119 4082 ad
1143 4036 1194 4082 cc·

143 4127 311 4209 gitaticnes
347 4127 473 4191 alterius
508 4127 697 4208 exponendas
719 4127 804 4190 nullo
827 4127 886 4190 alin
909 4127 998 4190 modo
1021 4127 1194 4189 definiatur.
