2694 4582
186 282 246 344 110
625 274 668 326 De
689 273 792 340 ellipsi.

182 480 263 562 quod
286 478 484 557 desideratur,
509 497 525 540 e
547 476 699 541 sententia
721 475 880 557 primaria:
903 495 960 539 uec
981 475 1067 540 bunc
1089 475 1231 556 lapidem

181 587 394 652 arcessendum
417 587 472 660 est,
496 587 527 647 et
549 585 586 647 ad
608 584 687 648 hanc
709 601 825 665 quoque
849 583 1034 647 sententiam
1056 587 1129 668 apta
1147 584 1230 648 verbi

182 693 280 757 torma
302 694 356 755 aut
379 710 414 754 ex
436 691 618 772 praecedenti
641 691 732 755 verbo
755 695 903 770 torquere
926 694 988 771 aut,
1010 691 1091 771 quod
1114 690 1231 768 malim,

182 818 218 863 ex
238 799 389 863 infinitivo
412 799 549 878 sequenti
573 799 714 861 enutttere
735 798 901 861 revocanda
923 800 980 861 est.
1023 797 1064 860 Et
1086 798 1143 861 hoc
1163 774 1248 862 loco·

182 911 212 971 et
236 907 298 970 lere
322 905 445 987 ubique,
480 905 531 969 ubi
565 908 619 968 aut
646 905 749 985 aliqua
771 904 855 967 verbi
878 905 973 968 subst.
999 904 1096 968 forma
1118 904 1231 968 omissa

182 1017 237 1088 est,
260 1015 314 1076 aut
336 1012 462 1076 verbum
485 1030 519 1075 er
542 1012 604 1076 alia
625 1012 785 1087 sententia,
802 1012 864 1075 sive
888 1011 1032 1092 primaria
1051 1013 1113 1075 sive
1126 1030 1232 1076 seeun-

181 1121 273 1196 daria,
308 1119 510 1200 repetendum
543 1121 599 1196 est,
628 1119 764 1193 verbum,
798 1119 878 1199 quod
911 1119 1107 1195 desideratur,
1141 1118 1231 1183 facile

182 1227 314 1300 auditur,
348 1227 402 1289 sed
425 1227 524 1288 exstat
545 1225 630 1289 locus
654 1225 740 1289 valde
763 1227 896 1299 venatus,
931 1225 982 1306 qui
1012 1225 1072 1289 huc
1102 1225 1231 1290 fortasse
1270 1223 1273 1228 ’

181 1334 263 1398 trahi
286 1333 405 1396 debeat.
461 1333 496 1395 ln
519 1331 613 1396 satira
636 1331 716 1394 eninr
739 1332 865 1412 decima,
899 1332 952 1394 ubi
974 1336 1066 1416 poeta
1087 1333 1230 1414 pericula,

181 1460 248 1522 quae
268 1439 374 1522 juveni
397 1439 525 1523 pulchro
548 1457 583 1502 ac
606 1439 738 1502 formoso
749 1440 854 1503 Rornae
878 1440 1034 1504 subeunda
1057 1445 1152 1515 erant,
1177 1441 1231 1504 de-

182 1547 297 1623 scribit,
321 1546 353 1608 bi
376 1564 482 1609 versus
504 1564 531 1609 a.
555 1566 582 1608 v.
606 1549 664 1610 311
692 1546 851 1625 leguntur:

847 1698 923 1762 Flet
944 1697 1075 1762 adulter

224 1805 381 1870 Publicus
403 1809 433 1868 et
448 1823 576 1884 poenus
598 1807 723 1881 metuet,
746 1825 956 1886 quaecuuque
978 1806 1092 1869 uacca·

225 1914 368 1994 Eripere
390 1913 481 1986 truta,
504 1931 562 1975 uec
584 1913 647 1974 ecit
660 1911 795 1994 felicior
817 1916 908 1976 ostro

224 2021 362 2094 Multis,
379 2023 416 2082 ut
428 2020 465 2083 c'u
477 2018 936 2100 loqueosuuupuuutuce'dut.
960 2020 1198 2101 Eulpc'tuutcrn

224 2127 398 2192 Interdum
419 2125 477 2190 uu
499 2125 591 2189 dolor
606 2125 697 2205 plue,
721 2147 819 2207 quoru
842 2127 893 2191 teu
914 2127 986 2191 ullu
1009 2127 1115 2190 dolori

228 2235 406 2299 Oouccsslt.

181 2403 231 2468 Sic
253 2404 418 2484 Rupertius
440 2405 473 2466 et
494 2401 606 2466 Weber
629 2404 728 2467 locum
751 2405 860 2484 edunt3
896 2404 1098 2479 Heinrichius,
1133 2422 1229 2484 quem

179 2510 310 2576 Jahnius
333 2512 364 2573 et
387 2510 582 2573 Hermannus
612 2515 789 2593 sequuntur,
823 2529 876 2591 pro
909 2511 1018 2587 verbis,
1053 2530 1121 2592 quae
1155 2513 1229 2574 sunt

180 2618 294 2681 murttc'
305 2616 447 2698 Eripere
468 2618 551 2680 trote
565 2617 684 2680 scribit:
707 2616 955 2682 ucore'tc'sIrotc's
968 2618 1065 2682 debet.
1106 2618 1231 2682 Codices

180 2725 377 2797 dissentiunt;
414 2726 505 2787 codex
527 2724 729 2788 Pithoeanus:
763 2725 877 2788 uurttc'
898 2725 987 2788 Irotc'
1016 2726 1105 2790 debet
1126 2726 1230 2800 habet,

180 2833 249 2896 alii:
272 2832 387 2895 murell
399 2831 487 2894 Irutt
500 2831 620 2909 debent,
634 2832 686 2894 alii
698 2836 812 2913 septem
828 2850 932 2896 versus
944 2834 1036 2917 pedes
1049 2833 1231 2897 efficientes:

164 2941 294 3002 'murita‘
312 2939 454 3020 Eutpere
475 2939 558 3001 trutc'
580 2937 701 3017 debent,
724 2939 777 3001 alii
799 2941 912 3002 martti
934 2939 1076 3022 Eutpcre
1097 2941 1152 3002 luo
1168 2959 1231 3020 po-

181 3050 250 3114 test,
285 3066 364 3110 unus
399 3046 513 3108 mucltc'
534 3045 623 3107 Irotc'
637 3044 781 3127 fuciunt.
824 3045 1021 3112 Heinrichius
1043 3049 1138 3130 igitur
1160 3064 1231 3110 oon·

176 3155 330 3236 jecturarn
353 3154 383 3215 in
408 3156 493 3215 textu
516 3152 627 3232 posuit,
651 3171 746 3233 neque
769 3153 935 3234 quidquam
957 3155 1071 3229 attulit,
1095 3174 1147 3218 cur
1168 3154 1230 3216 lec-

180 3260 296 3324 tionem
320 3259 497 3334 mutaverit,
522 3260 600 3339 quod
610 3277 645 3322 eo
658 3260 755 3341 magis
768 3261 940 3324 mirandum
951 3266 1007 3339 est,
1031 3262 1230 3343 quiacodices

74 3366 76 3369 ’
179 3367 211 3430 11
236 3384 358 3431 summa
381 3366 568 3429 dissensione
590 3366 621 3428 in
644 3367 768 3431 vocibus
797 3368 912 3430 uurltc'
932 3369 1015 3432 trutc'
1037 3370 1231 3434 consentiunt

181 3474 248 3556 (teu
264 3477 375 3554 potest
397 3474 486 3536 nrodo
509 3474 541 3536 in
565 3473 716 3537 codicibus
739 3475 891 3540 nonnullis
919 3477 1113 3561 interpolatis
1137 3479 1229 3557 atque

182 3581 403 3645 recentioribus
436 3580 572 3672 legitur).
651 3579 810 3665 Scriptura
841 3584 1086 3663 praestantissimi
1119 3583 1230 3647 codicis

181 3687 518 3768 quoscunqueuuu'tc'
532 3687 622 3750 Irctc'
645 3687 742 3769 debet,
769 3690 799 3752 in
822 3707 882 3770 qua
904 3691 980 3754 satis
1003 3711 1117 3755 caussae
1139 3692 1229 3765 inest,

67 3846 70 3850 .
181 3814 236 3858 cur
268 3794 384 3858 librarii
417 3795 449 3857 in
483 3795 681 3875 explicatione
716 3797 780 3859 eius
807 3796 957 3860 haerentes
980 3817 1048 3862 eam
1071 3798 1230 3861 emendare

181 3903 281 3966 conati
317 3902 388 3977 sint,
423 3901 564 3981 explicari
596 3903 650 3966 illa
672 3903 793 3983 quidem
818 3909 927 3984 potest,
960 3923 1057 3987 neque
1080 3904 1228 3985 intelligo,

181 4028 234 4073 cur
256 4008 398 4082 Jahnius,
422 4027 514 4089 quunr
538 4009 607 4072 aliis
630 4011 703 4073 locis
726 4011 891 4092 scripturas
904 4012 994 4076 buius
1007 4011 1119 4076 codicis
1131 4011 1229 4075 multo

181 4116 346 4179 deteriores
369 4117 399 4178 in
423 4117 509 4179 textu
532 4117 675 4199 posuerit,
700 4136 765 4180 earn
790 4137 882 4199 prava
894 4121 1066 4201 conjectura
1077 4119 1228 4200 corrigere
