2694 4582
558 266 600 317 De
620 265 727 332 ellipsi.
1104 270 1163 334 159

59 543 68 553 ,
119 469 221 550 potius
244 469 445 532 adhibendam
468 485 557 549 quam
576 470 614 531 ad
633 468 697 533 loco
710 468 889 548 conjecturae
910 487 965 550 cpe
982 455 1168 535 medendum

118 576 354 658 confugiendum
376 594 443 640 esse
465 575 638 656 Madvigius
661 578 762 652 docet,
795 575 847 640 sed
876 576 964 656 pauci
996 579 1068 639 suni
1089 575 1168 642 tales

117 683 185 749 loci.
210 686 240 746 et
262 685 372 765 prater
394 701 459 759 ecs,
497 701 573 764 quos
603 683 717 763 regulae
739 685 844 746 auctor
866 681 1055 760 emendavit,
1079 683 1167 747 modo

117 793 180 853 tres
203 789 435 872 transpositione
458 790 583 852 sanandi
608 807 673 852 esse
695 789 851 864 videntur,
875 807 969 870 quos,
1006 789 1043 852 de
1066 790 1168 871 ellipsi

118 915 184 977 quae
207 896 335 960 dicenda
356 898 443 958 erant
460 895 527 977 jam
549 896 702 976 expositis,
725 896 776 959 hic
798 896 962 978 adjungere
984 895 1092 977 placet.

223 1003 261 1066 In
294 1003 386 1066 satira
415 1008 515 1076 sexta,
564 1020 622 1083 quc
654 1001 721 1066 loco
758 1001 921 1066 mulierum
962 1003 1168 1066 Romanarum

117 1110 349 1191 superstitiones
363 1113 394 1171 et
413 1117 518 1172 vatum
534 1109 786 1172 consolandorum
802 1109 953 1190 cupiditas
976 1112 1167 1184 accusantur,

118 1217 215 1297 poeta,
240 1219 403 1298 postquam
414 1215 624 1278 mulieremne
646 1215 831 1280 levissimam
844 1216 966 1297 quidem
987 1235 1051 1279 rem
1076 1216 1166 1297 ephe·

116 1321 286 1386 meridibus
309 1340 369 1384 non
390 1322 535 1406 constatis
559 1324 703 1404 agentem
725 1322 989 1397 commemoravit,
1012 1341 1030 1386 a
1052 1343 1080 1386 v.
1103 1326 1166 1389 582

114 1429 170 1493 hos
193 1446 299 1492 versus
322 1428 423 1492 addit:

200 1579 240 1644 Si
261 1579 432 1644 mediocris
455 1582 524 1653 erit,
546 1581 692 1660 spatium
715 1580 869 1644 lustrabit
889 1582 1048 1662 atriaque

200 1686 368 1750 Metaruae
391 1692 421 1752 et
442 1691 546 1751 sortes
568 1688 661 1752 ducet
674 1687 883 1770 frcuterapue
904 1708 1102 1770 marramque
1191 1680 1193 1685 ’

200 1792 362 1858 Praebebit
383 1796 453 1858 uati
475 1795 620 1858 erebrura
636 1815 822 1877 poppysma
843 1797 988 1878 reparati.

116 1902 179 1984 585
201 1899 373 1964 Divitibus
394 1921 553 1982 respousa
575 1902 700 1966 dabuat
721 1902 836 1984 Pbrpa
858 1924 967 1985 aupur
989 1907 1019 1967 et
1039 1903 1147 1968 Iudas

205 2006 404 2087 Ooaduetus‚
430 2009 521 2073 dabit
543 2014 710 2073 astrorum
730 2010 907 2090 adauctique
922 2011 1055 2090 peritus

199 2114 308 2196 Atque
330 2115 454 2196 aliquis
475 2117 600 2193 scater,
624 2118 681 2198 qui
696 2117 833 2198 publiea
846 2117 992 2200 sulpura
1015 2118 1145 2182 euadit:

200 2221 368 2286 Plebeiuru
389 2224 427 2286 ia
448 2221 541 2286 Cireo
558 2225 707 2304 positura
729 2228 776 2287 est
798 2225 886 2288 etia
909 2244 1026 2306 appare
1040 2224 1162 2307 futura.

204 2328 282 2409 Quoe
303 2329 403 2393 audis
426 2329 558 2411 toupura
580 2331 721 2395 osteudit
743 2332 919 2394 ceruicibus
942 2351 1071 2406 aarum,

115 2437 179 2502 590
205 2434 356 2500 Goasuiit
377 2437 593 2517 catapirates
616 2438 904 2518 deiprbiaerurapue
926 2437 1106 2515 columnas,

198 2541 255 2606 Aa
277 2562 362 2625 sapa
382 2544 533 2608 aeudeuti
554 2546 658 2608 uubat
680 2564 825 2624 eaupoae
847 2543 970 2611 reiieto.

199 2648 264 2712 Hec
286 2654 395 2715 taraea
417 2655 447 2715 et
461 2656 585 2732 partus
606 2653 745 2716 subruat
766 2652 940 2714 diseriueea
962 2654 993 2714 et
1015 2670 1124 2714 omues

199 2756 352 2820 Nutricis
374 2757 517 2822 toleraret
529 2757 672 2841 fortuua
693 2762 828 2840 urpeute
850 2757 996 2835 iabores;

162 2843 165 2848 ¹
201 2863 267 2928 Sea
281 2865 372 2946 jacet
394 2869 511 2928 aurato
534 2868 590 2929 oie
612 2865 683 2929 uita
698 2885 864 2946 puerpera
888 2864 975 2929 tecto.

201 3031 250 3096 Sic
263 3033 458 3098 Heinrichius
480 3035 578 3098 locum
602 3035 680 3108 edit3
703 3035 897 3098 Hermannus
919 3033 953 3095 in
966 3052 994 3095 u.
1011 3033 1074 3098 585
1095 3036 1165 3112 post
1236 3016 1237 3020 ¹

112 3138 220 3202 Iudas
242 3143 393 3203 commate
415 3141 523 3205 incidit
545 3146 576 3205 55
597 3142 806 3223 participium,
831 3141 911 3221 quod
935 3141 983 3202 est
1011 3138 1159 3202 055555-

114 3249 182 3320 tus,
210 3246 309 3310 verbis
337 3235 588 3329 subsequentibus
612 3249 767 3330 adjungit,
801 3246 856 3311 alii
880 3265 933 3328 pro
957 3245 1083 3310 dabuut
1106 3245 1163 3326 (sie

113 3353 203 3416 codex
237 3352 435 3432 Pithoeanus)
466 3355 602 3418 scribunt
625 3354 729 3431 dabit,
762 3353 815 3417 alii
848 3373 900 3436 pro
936 3353 1044 3416 Iudas
1077 3351 1162 3416 iude.

115 3459 350 3524 Substantivum
374 3464 492 3541 autem,
526 3463 606 3542 quod
628 3465 676 3525 est
697 3482 818 3542 aupur,
852 3480 886 3526 ec
909 3461 975 3524 loco
1000 3460 1163 3523 interduo

112 3566 262 3648 adjectiva
285 3566 415 3648 (Pbrpa
437 3567 598 3647 etIadus)
622 3568 835 3649 interpositum
860 3571 916 3642 est,
939 3570 975 3630 ut
997 3569 1162 3647 utrumque

112 3673 282 3738 necessario
315 3675 480 3738 seeundum
507 3675 666 3740 Juvenalis
688 3675 849 3739 verborum
882 3673 1163 3738 distribuendorum

111 3781 261 3844 rationem
298 3780 326 3843 ei
354 3783 525 3858 adhaereat,
560 3785 597 3845 etr
620 3782 812 3864 participium
845 3781 1034 3846 Ooaduetus
1063 3780 1162 3844 eidem
1216 3808 1220 3814 ·

76 3956 79 3960 ,
112 3887 303 3952 substantivo
338 3887 516 3969 adjunctum
554 3891 615 3964 est,
659 3891 852 3971 quamobrem
892 3889 1057 3972 legendum
1098 3887 1161 3949 est:

111 3993 280 4058 Divitibus
302 4013 460 4074 respousa
487 3994 577 4059 dabit
598 3995 717 4078 Pbrpa
745 4017 854 4078 aupur
882 4000 912 4060 et
933 3995 1040 4059 Iudas
1077 3992 1162 4058 Cou-

111 4100 248 4179 duetus‚
281 4101 373 4171 dabit
400 4120 470 4182 sqq.
526 4103 641 4166 Omnes
664 4104 726 4167 tere
747 4105 928 4186 interpretes
953 4101 1070 4184 aliquid
1092 4103 1159 4165 tur-
