<?xml version="1.0" encoding="UTF-8"?>
<!DOCTYPE html PUBLIC "-//W3C//DTD XHTML 1.0 Transitional//EN"
    "http://www.w3.org/TR/xhtml1/DTD/xhtml1-transitional.dtd">
<html xmlns="http://www.w3.org/1999/xhtml" xml:lang="en" lang="en">
 <head>
  <title>
</title>
<meta http-equiv="Content-Type" content="text/html;charset=utf-8" />
  <meta name='ocr-system' content='tesseract 3.04.00' />
  <meta name='ocr-capabilities' content='ocr_page ocr_carea ocr_par ocr_line ocrx_word'/>
</head>
<body>
  <div class='ocr_page' id='page_1' title='image "./sermonemdjuniij00kigoog_0193.png"; bbox 0 0 2694 4582; ppageno 0'>
   <div class='ocr_carea' id='block_1_1' title="bbox 170 255 983 325">
    <p class='ocr_par' dir='ltr' id='par_1_1' title="bbox 170 255 983 325">
     <span class='ocr_line' id='line_1_1' title="bbox 170 255 983 325; baseline -0.005 -13"><span class='ocrx_word' id='word_1_1' title='bbox 170 259 230 324; x_wconf 81' lang='grc'>182</span> <span class='ocrx_word' id='word_1_2' title='bbox 395 256 437 308; x_wconf 89' lang='lat' dir='ltr'>De</span> <span class='ocrx_word' id='word_1_3' title='bbox 457 255 603 321; x_wconf 87' lang='lat' dir='ltr'>infinitivo,</span> <span class='ocrx_word' id='word_1_4' title='bbox 623 256 800 323; x_wconf 83' lang='lat' dir='ltr'>imperativo,</span> <span class='ocrx_word' id='word_1_5' title='bbox 819 257 983 325; x_wconf 87' lang='lat' dir='ltr'>participio.</span> 
     </span>
    </p>
   </div>
   <div class='ocr_carea' id='block_1_2' title="bbox 140 457 1267 1195">
    <p class='ocr_par' dir='ltr' id='par_1_2' title="bbox 140 457 1267 1195">
     <span class='ocr_line' id='line_1_2' title="bbox 165 457 1220 538; baseline 0.001 -17"><span class='ocrx_word' id='word_1_6' title='bbox 165 463 249 522; x_wconf 87' lang='lat' dir='ltr'>outa</span> <span class='ocrx_word' id='word_1_7' title='bbox 272 459 405 538; x_wconf 79' lang='lat' dir='ltr'>Semper</span> <span class='ocrx_word' id='word_1_8' title='bbox 439 457 529 522; x_wconf 84' lang='lat' dir='ltr'>clude</span> <span class='ocrx_word' id='word_1_9' title='bbox 552 458 666 521; x_wconf 86' lang='lat' dir='ltr'>domas</span> <span class='ocrx_word' id='word_1_10' title='bbox 703 507 708 518; x_wconf 95' lang='lat'>.</span> <span class='ocrx_word' id='word_1_11' title='bbox 734 508 740 520; x_wconf 93' lang='lat'>.</span> <span class='ocrx_word' id='word_1_12' title='bbox 766 506 773 519; x_wconf 87' lang='lat'>.</span> <span class='ocrx_word' id='word_1_13' title='bbox 797 464 978 535; x_wconf 74' lang='lat' dir='ltr'><em>senescant,</em></span> <span class='ocrx_word' id='word_1_14' title='bbox 1001 460 1062 536; x_wconf 88' lang='lat' dir='ltr'>XI,</span> <span class='ocrx_word' id='word_1_15' title='bbox 1090 463 1131 525; x_wconf 80' lang='lat'>52</span> <span class='ocrx_word' id='word_1_16' title='bbox 1153 458 1220 523; x_wconf 84' lang='lat' dir='ltr'>llle</span> 
     </span>
     <span class='ocr_line' id='line_1_3' title="bbox 140 565 1218 658; baseline -0.002 -28"><span class='ocrx_word' id='word_1_17' title='bbox 140 566 261 638; x_wconf 76' lang='lat' dir='ltr'>‚dolor</span> <span class='ocrx_word' id='word_1_18' title='bbox 288 565 381 629; x_wconf 83' lang='lat' dir='ltr'>solus</span> <span class='ocrx_word' id='word_1_19' title='bbox 405 567 556 646; x_wconf 80' lang='lat' dir='ltr'>putrium</span> <span class='ocrx_word' id='word_1_20' title='bbox 578 566 786 649; x_wconf 80' lang='lat' dir='ltr'>sapientibus</span> <span class='ocrx_word' id='word_1_21' title='bbox 811 613 817 627; x_wconf 88' lang='lat'>.</span> <span class='ocrx_word' id='word_1_22' title='bbox 842 616 849 630; x_wconf 91' lang='lat'>.</span> <span class='ocrx_word' id='word_1_23' title='bbox 873 568 1018 631; x_wconf 84' lang='lat' dir='ltr'>carnisse</span> <span class='ocrx_word' id='word_1_24' title='bbox 1047 587 1134 658; x_wconf 84' lang='lat' dir='ltr'>anno</span> <span class='ocrx_word' id='word_1_25' title='bbox 1159 567 1218 630; x_wconf 86' lang='lat' dir='ltr'>eir-</span> 
     </span>
     <span class='ocr_line' id='line_1_4' title="bbox 168 673 1218 756; baseline 0 -18"><span class='ocrx_word' id='word_1_26' title='bbox 168 676 315 738; x_wconf 85' lang='lat' dir='ltr'>censibns</span> <span class='ocrx_word' id='word_1_27' title='bbox 338 694 413 750; x_wconf 87' lang='lat' dir='ltr'>uno,</span> <span class='ocrx_word' id='word_1_28' title='bbox 438 676 526 754; x_wconf 88' lang='lat' dir='ltr'>poeta</span> <span class='ocrx_word' id='word_1_29' title='bbox 549 673 697 754; x_wconf 82' lang='lat' dir='ltr'>pluralem</span> <span class='ocrx_word' id='word_1_30' title='bbox 722 674 873 756; x_wconf 86' lang='lat' dir='ltr'>participii</span> <span class='ocrx_word' id='word_1_31' title='bbox 892 675 1049 755; x_wconf 87' lang='lat' dir='ltr'>praesentis</span> <span class='ocrx_word' id='word_1_32' title='bbox 1072 675 1218 756; x_wconf 85' lang='lat' dir='ltr'>temporis</span> 
     </span>
     <span class='ocr_line' id='line_1_5' title="bbox 168 763 1267 863; baseline -0.001 -18"><span class='ocrx_word' id='word_1_33' title='bbox 168 763 329 846; x_wconf 81' lang='lat' dir='ltr'>numerum</span> <span class='ocrx_word' id='word_1_34' title='bbox 354 783 455 845; x_wconf 88' lang='lat' dir='ltr'>dativo</span> <span class='ocrx_word' id='word_1_35' title='bbox 489 801 561 845; x_wconf 89' lang='lat' dir='ltr'>casu</span> <span class='ocrx_word' id='word_1_36' title='bbox 594 782 637 844; x_wconf 89' lang='lat' dir='ltr'>ita</span> <span class='ocrx_word' id='word_1_37' title='bbox 670 781 763 861; x_wconf 74' lang='lat' dir='ltr'>pouit</span> <span class='ocrx_word' id='word_1_38' title='bbox 797 784 832 844; x_wconf 92' lang='lat' dir='ltr'>ut</span> <span class='ocrx_word' id='word_1_39' title='bbox 864 781 946 844; x_wconf 85' lang='lat' dir='ltr'>idem</span> <span class='ocrx_word' id='word_1_40' title='bbox 981 783 1042 846; x_wconf 86' lang='lat' dir='ltr'>fere</span> <span class='ocrx_word' id='word_1_41' title='bbox 1075 782 1218 863; x_wconf 88' lang='lat' dir='ltr'>loquendi</span> <span class='ocrx_word' id='word_1_42' title='bbox 1264 783 1267 792; x_wconf 87' lang='grc'><em>’</em></span> 
     </span>
     <span class='ocr_line' id='line_1_6' title="bbox 166 887 1220 975; baseline 0.001 -23"><span class='ocrx_word' id='word_1_43' title='bbox 166 909 263 972; x_wconf 84' lang='lat' dir='ltr'>genus</span> <span class='ocrx_word' id='word_1_44' title='bbox 275 890 464 975; x_wconf 71' lang='lat' dir='ltr'>inveniamus</span> <span class='ocrx_word' id='word_1_45' title='bbox 477 892 567 972; x_wconf 88' lang='lat' dir='ltr'>atque</span> <span class='ocrx_word' id='word_1_46' title='bbox 577 890 634 952; x_wconf 88' lang='lat' dir='ltr'>hoo</span> <span class='ocrx_word' id='word_1_47' title='bbox 646 888 713 952; x_wconf 91' lang='lat' dir='ltr'>loco</span> <span class='ocrx_word' id='word_1_48' title='bbox 725 889 892 952; x_wconf 87' lang='lat' dir='ltr'>Horatiano</span> <span class='ocrx_word' id='word_1_49' title='bbox 905 887 976 962; x_wconf 76' lang='lat' dir='ltr'>(Sat.</span> <span class='ocrx_word' id='word_1_50' title='bbox 986 890 1011 965; x_wconf 84' lang='lat' dir='ltr'>I,</span> <span class='ocrx_word' id='word_1_51' title='bbox 1029 896 1052 965; x_wconf 84' lang='lat' dir='ltr'>l,</span> <span class='ocrx_word' id='word_1_52' title='bbox 1065 889 1121 968; x_wconf 73' lang='lat'>49)</span> <span class='ocrx_word' id='word_1_53' title='bbox 1132 890 1220 970; x_wconf 70' lang='lat' dir='ltr'>aare</span> 
     </span>
     <span class='ocr_line' id='line_1_7' title="bbox 166 995 1218 1079; baseline 0.003 -20"><span class='ocrx_word' id='word_1_54' title='bbox 166 995 289 1079; x_wconf 87' lang='lat' dir='ltr'>referat</span> <span class='ocrx_word' id='word_1_55' title='bbox 322 998 413 1058; x_wconf 83' lang='lat' dir='ltr'>intro</span> <span class='ocrx_word' id='word_1_56' title='bbox 442 997 583 1059; x_wconf 78' lang='lat' dir='ltr'>Nature</span> <span class='ocrx_word' id='word_1_57' title='bbox 612 997 695 1078; x_wconf 73' lang='lat' dir='ltr'>sines</span> <span class='ocrx_word' id='word_1_58' title='bbox 727 997 847 1059; x_wconf 83' lang='lat' dir='ltr'>uiuenti</span> <span class='ocrx_word' id='word_1_59' title='bbox 868 997 990 1077; x_wconf 78' lang='lat' dir='ltr'>juperu</span> <span class='ocrx_word' id='word_1_60' title='bbox 1023 1001 1149 1061; x_wconf 88' lang='lat' dir='ltr'>centnm</span> <span class='ocrx_word' id='word_1_61' title='bbox 1172 1018 1218 1062; x_wconf 88' lang='lat' dir='ltr'>un</span> 
     </span>
     <span class='ocr_line' id='line_1_8' title="bbox 167 1103 1216 1195; baseline 0.002 -29"><span class='ocrx_word' id='word_1_62' title='bbox 167 1104 264 1167; x_wconf 87' lang='lat' dir='ltr'>Mille</span> <span class='ocrx_word' id='word_1_63' title='bbox 287 1109 374 1182; x_wconf 86' lang='lat' dir='ltr'>oret,</span> <span class='ocrx_word' id='word_1_64' title='bbox 410 1105 462 1167; x_wconf 90' lang='lat' dir='ltr'>sed</span> <span class='ocrx_word' id='word_1_65' title='bbox 485 1104 629 1166; x_wconf 89' lang='lat' dir='ltr'>Horatius</span> <span class='ocrx_word' id='word_1_66' title='bbox 643 1105 665 1184; x_wconf 90' lang='lat'>¹)</span> <span class='ocrx_word' id='word_1_67' title='bbox 700 1103 811 1184; x_wconf 86' lang='lat' dir='ltr'>ubique</span> <span class='ocrx_word' id='word_1_68' title='bbox 847 1104 1033 1185; x_wconf 77' lang='lat' dir='ltr'>singularem</span> <span class='ocrx_word' id='word_1_69' title='bbox 1056 1123 1216 1195; x_wconf 85' lang='lat' dir='ltr'>numerum</span> 
     </span>
    </p>
   </div>
   <div class='ocr_carea' id='block_1_3' title="bbox 194 1437 1217 4210">
    <p class='ocr_par' dir='ltr' id='par_1_3' title="bbox 194 1437 1217 4210">
     <span class='ocr_line' id='line_1_9' title="bbox 194 1437 1215 1511; baseline 0.001 -21"><span class='ocrx_word' id='word_1_70' title='bbox 194 1439 214 1503; x_wconf 87' lang='lat'>¹)</span> <span class='ocrx_word' id='word_1_71' title='bbox 232 1439 345 1490; x_wconf 86' lang='lat' dir='ltr'>Horatii</span> <span class='ocrx_word' id='word_1_72' title='bbox 372 1438 518 1506; x_wconf 89' lang='lat' dir='ltr'>participii</span> <span class='ocrx_word' id='word_1_73' title='bbox 546 1437 669 1504; x_wconf 88' lang='lat' dir='ltr'>ponendi</span> <span class='ocrx_word' id='word_1_74' title='bbox 688 1453 785 1503; x_wconf 67' lang='lat' dir='ltr'>usum,</span> <span class='ocrx_word' id='word_1_75' title='bbox 806 1443 837 1489; x_wconf 91' lang='lat' dir='ltr'>ut</span> <span class='ocrx_word' id='word_1_76' title='bbox 856 1443 1007 1504; x_wconf 80' lang='lat' dir='ltr'>appareat,</span> <span class='ocrx_word' id='word_1_77' title='bbox 1034 1439 1215 1511; x_wconf 84' lang='lat' dir='ltr'>quantumin</span> 
     </span>
     <span class='ocr_line' id='line_1_10' title="bbox 235 1522 1216 1590; baseline 0 -16"><span class='ocrx_word' id='word_1_78' title='bbox 235 1523 289 1575; x_wconf 88' lang='lat' dir='ltr'>hoc</span> <span class='ocrx_word' id='word_1_79' title='bbox 307 1523 442 1588; x_wconf 88' lang='lat' dir='ltr'>loquendi</span> <span class='ocrx_word' id='word_1_80' title='bbox 462 1536 564 1588; x_wconf 81' lang='lat' dir='ltr'>genere</span> <span class='ocrx_word' id='word_1_81' title='bbox 584 1522 658 1572; x_wconf 87' lang='lat' dir='ltr'>inter</span> <span class='ocrx_word' id='word_1_82' title='bbox 679 1522 996 1587; x_wconf 84' lang='lat' dir='ltr'>satirarumscriptores</span> <span class='ocrx_word' id='word_1_83' title='bbox 1010 1522 1128 1577; x_wconf 72' lang='lat' dir='ltr'>differat</span> <span class='ocrx_word' id='word_1_84' title='bbox 1148 1538 1216 1590; x_wconf 88' lang='lat' dir='ltr'>pau-</span> 
     </span>
     <span class='ocr_line' id='line_1_11' title="bbox 235 1605 1216 1672; baseline 0 -14"><span class='ocrx_word' id='word_1_85' title='bbox 235 1608 277 1660; x_wconf 90' lang='lat' dir='ltr'>cis</span> <span class='ocrx_word' id='word_1_86' title='bbox 298 1607 480 1660; x_wconf 88' lang='lat' dir='ltr'>adumbrabo.</span> <span class='ocrx_word' id='word_1_87' title='bbox 519 1607 640 1658; x_wconf 89' lang='lat' dir='ltr'>Primum</span> <span class='ocrx_word' id='word_1_88' title='bbox 670 1605 752 1657; x_wconf 86' lang='lat' dir='ltr'>activi</span> <span class='ocrx_word' id='word_1_89' title='bbox 776 1605 959 1671; x_wconf 84' lang='lat' dir='ltr'>participium</span> <span class='ocrx_word' id='word_1_90' title='bbox 978 1607 1129 1672; x_wconf 67' lang='lat' dir='ltr'>praesentis</span> <span class='ocrx_word' id='word_1_91' title='bbox 1148 1613 1216 1659; x_wconf 89' lang='lat' dir='ltr'>tem-</span> 
     </span>
     <span class='ocr_line' id='line_1_12' title="bbox 237 1689 1216 1757; baseline 0.002 -14"><span class='ocrx_word' id='word_1_92' title='bbox 237 1691 316 1756; x_wconf 89' lang='lat' dir='ltr'>poris</span> <span class='ocrx_word' id='word_1_93' title='bbox 335 1692 375 1743; x_wconf 79' lang='lat' dir='ltr'>ita</span> <span class='ocrx_word' id='word_1_94' title='bbox 394 1691 517 1757; x_wconf 87' lang='lat' dir='ltr'>ponitur,</span> <span class='ocrx_word' id='word_1_95' title='bbox 545 1697 576 1742; x_wconf 91' lang='lat' dir='ltr'>ut</span> <span class='ocrx_word' id='word_1_96' title='bbox 594 1696 643 1742; x_wconf 90' lang='lat' dir='ltr'>aut</span> <span class='ocrx_word' id='word_1_97' title='bbox 672 1689 778 1754; x_wconf 87' lang='lat' dir='ltr'>objecti</span> <span class='ocrx_word' id='word_1_98' title='bbox 797 1690 889 1742; x_wconf 89' lang='lat' dir='ltr'>locum</span> <span class='ocrx_word' id='word_1_99' title='bbox 919 1697 1016 1742; x_wconf 87' lang='lat' dir='ltr'>tenere</span> <span class='ocrx_word' id='word_1_100' title='bbox 1036 1697 1085 1744; x_wconf 89' lang='lat' dir='ltr'>aut</span> <span class='ocrx_word' id='word_1_101' title='bbox 1104 1691 1216 1757; x_wconf 86' lang='lat' dir='ltr'>subjec-</span> 
     </span>
     <span class='ocr_line' id='line_1_13' title="bbox 239 1774 1216 1842; baseline 0.002 -17"><span class='ocrx_word' id='word_1_102' title='bbox 239 1781 296 1826; x_wconf 89' lang='lat' dir='ltr'>tum</span> <span class='ocrx_word' id='word_1_103' title='bbox 316 1776 470 1827; x_wconf 88' lang='lat' dir='ltr'>accusativi</span> <span class='ocrx_word' id='word_1_104' title='bbox 497 1791 556 1826; x_wconf 90' lang='lat' dir='ltr'>cum</span> <span class='ocrx_word' id='word_1_105' title='bbox 581 1774 717 1827; x_wconf 87' lang='lat' dir='ltr'>infinitivo</span> <span class='ocrx_word' id='word_1_106' title='bbox 737 1789 801 1828; x_wconf 87' lang='lat' dir='ltr'>esse</span> <span class='ocrx_word' id='word_1_107' title='bbox 830 1775 918 1826; x_wconf 88' lang='lat' dir='ltr'>videri</span> <span class='ocrx_word' id='word_1_108' title='bbox 946 1775 1052 1842; x_wconf 86' lang='lat' dir='ltr'>possit:</span> <span class='ocrx_word' id='word_1_109' title='bbox 1078 1776 1172 1842; x_wconf 81' lang='lat' dir='ltr'>Epist.</span> <span class='ocrx_word' id='word_1_110' title='bbox 1193 1775 1216 1841; x_wconf 90' lang='lat' dir='ltr'>I,</span> 
     </span>
     <span class='ocr_line' id='line_1_14' title="bbox 234 1858 1215 1924; baseline 0 -14"><span class='ocrx_word' id='word_1_111' title='bbox 234 1862 275 1924; x_wconf 76' lang='lat'>14,</span> <span class='ocrx_word' id='word_1_112' title='bbox 295 1862 327 1915; x_wconf 79' lang='lat'>37</span> <span class='ocrx_word' id='word_1_113' title='bbox 345 1859 401 1910; x_wconf 90' lang='lat' dir='ltr'>Non</span> <span class='ocrx_word' id='word_1_114' title='bbox 424 1861 477 1910; x_wconf 84' lang='lat' dir='ltr'>istic</span> <span class='ocrx_word' id='word_1_115' title='bbox 495 1859 587 1924; x_wconf 82' lang='lat' dir='ltr'>obliquo</span> <span class='ocrx_word' id='word_1_116' title='bbox 613 1860 680 1908; x_wconf 89' lang='lat' dir='ltr'>oculo</span> <span class='ocrx_word' id='word_1_117' title='bbox 707 1877 759 1908; x_wconf 87' lang='lat' dir='ltr'>meo</span> <span class='ocrx_word' id='word_1_118' title='bbox 785 1858 906 1909; x_wconf 85' lang='lat' dir='ltr'>commoda</span> <span class='ocrx_word' id='word_1_119' title='bbox 933 1861 1059 1924; x_wconf 81' lang='lat' dir='ltr'>quisquam</span> <span class='ocrx_word' id='word_1_120' title='bbox 1082 1861 1166 1910; x_wconf 85' lang='lat' dir='ltr'>Lirnot</span> <span class='ocrx_word' id='word_1_121' title='bbox 1183 1899 1189 1912; x_wconf 89' lang='lat'>.</span> <span class='ocrx_word' id='word_1_122' title='bbox 1209 1899 1215 1911; x_wconf 92' lang='lat'>.</span> 
     </span>
     <span class='ocr_line' id='line_1_15' title="bbox 234 1942 1217 2010; baseline 0.001 -17"><span class='ocrx_word' id='word_1_123' title='bbox 234 1944 326 1993; x_wconf 85' lang='lat' dir='ltr'>Rident</span> <span class='ocrx_word' id='word_1_124' title='bbox 351 1945 424 1994; x_wconf 84' lang='lat' dir='ltr'>vicini</span> <span class='ocrx_word' id='word_1_125' title='bbox 439 1944 522 2009; x_wconf 79' lang='lat' dir='ltr'>plebes</span> <span class='ocrx_word' id='word_1_126' title='bbox 549 1953 571 1992; x_wconf 90' lang='lat' dir='ltr'>et</span> <span class='ocrx_word' id='word_1_127' title='bbox 588 1961 654 1992; x_wconf 79' lang='lat' dir='ltr'>saxu</span> <span class='ocrx_word' id='word_1_128' title='bbox 672 1953 810 2007; x_wconf 79' lang='lat' dir='ltr'>monentem3</span> <span class='ocrx_word' id='word_1_129' title='bbox 838 1942 931 2008; x_wconf 79' lang='lat' dir='ltr'>Epist.</span> <span class='ocrx_word' id='word_1_130' title='bbox 950 1944 972 2010; x_wconf 84' lang='lat' dir='ltr'>I,</span> <span class='ocrx_word' id='word_1_131' title='bbox 990 1946 1020 2009; x_wconf 78' lang='lat'>8,</span> <span class='ocrx_word' id='word_1_132' title='bbox 1039 1945 1054 1998; x_wconf 80' lang='lat'>3</span> <span class='ocrx_word' id='word_1_133' title='bbox 1074 1944 1105 1995; x_wconf 84' lang='lat' dir='ltr'>Si</span> <span class='ocrx_word' id='word_1_134' title='bbox 1120 1955 1217 2010; x_wconf 78' lang='lat' dir='ltr'>qureret,</span> 
     </span>
     <span class='ocr_line' id='line_1_16' title="bbox 232 2027 1217 2093; baseline 0.004 -17"><span class='ocrx_word' id='word_1_135' title='bbox 232 2027 290 2090; x_wconf 88' lang='lat' dir='ltr'>quid</span> <span class='ocrx_word' id='word_1_136' title='bbox 299 2047 377 2093; x_wconf 79' lang='lat' dir='ltr'>apum,</span> <span class='ocrx_word' id='word_1_137' title='bbox 388 2029 428 2078; x_wconf 88' lang='lat' dir='ltr'>dic</span> <span class='ocrx_word' id='word_1_138' title='bbox 437 2029 512 2077; x_wconf 83' lang='lat' dir='ltr'>multa</span> <span class='ocrx_word' id='word_1_139' title='bbox 522 2037 544 2076; x_wconf 92' lang='lat' dir='ltr'>et</span> <span class='ocrx_word' id='word_1_140' title='bbox 551 2027 654 2091; x_wconf 85' lang='lat' dir='ltr'>pulclrra</span> <span class='ocrx_word' id='word_1_141' title='bbox 661 2027 786 2076; x_wconf 85' lang='lat' dir='ltr'>minantem</span> <span class='ocrx_word' id='word_1_142' title='bbox 799 2028 882 2077; x_wconf 85' lang='lat' dir='ltr'>Vivere</span> <span class='ocrx_word' id='word_1_143' title='bbox 891 2046 932 2077; x_wconf 89' lang='lat' dir='ltr'>nec</span> <span class='ocrx_word' id='word_1_144' title='bbox 939 2039 1000 2078; x_wconf 89' lang='lat' dir='ltr'>recte</span> <span class='ocrx_word' id='word_1_145' title='bbox 1009 2047 1049 2078; x_wconf 86' lang='lat' dir='ltr'>nec</span> <span class='ocrx_word' id='word_1_146' title='bbox 1057 2029 1162 2079; x_wconf 84' lang='lat' dir='ltr'>suaviter</span> <span class='ocrx_word' id='word_1_147' title='bbox 1168 2027 1217 2081; x_wconf 85' lang='lat' dir='ltr'>cfr.</span> 
     </span>
     <span class='ocr_line' id='line_1_17' title="bbox 233 2112 1214 2178; baseline -0.001 -13"><span class='ocrx_word' id='word_1_148' title='bbox 233 2114 261 2176; x_wconf 86' lang='lat'>1,</span> <span class='ocrx_word' id='word_1_149' title='bbox 282 2114 328 2176; x_wconf 87' lang='grc'>19,</span> <span class='ocrx_word' id='word_1_150' title='bbox 347 2114 393 2174; x_wconf 78' lang='lat'>33,</span> <span class='ocrx_word' id='word_1_151' title='bbox 423 2112 459 2175; x_wconf 75' lang='grc' dir='ltr'>Π,</span> <span class='ocrx_word' id='word_1_152' title='bbox 479 2115 510 2173; x_wconf 76' lang='grc'>2,</span> <span class='ocrx_word' id='word_1_153' title='bbox 531 2115 580 2177; x_wconf 75' lang='lat'>52,</span> <span class='ocrx_word' id='word_1_154' title='bbox 604 2125 708 2174; x_wconf 66' lang='lat' dir='ltr'>verum,</span> <span class='ocrx_word' id='word_1_155' title='bbox 730 2125 813 2176; x_wconf 92' lang='lat' dir='ltr'>quum</span> <span class='ocrx_word' id='word_1_156' title='bbox 834 2112 1011 2164; x_wconf 86' lang='lat' dir='ltr'>accusativus</span> <span class='ocrx_word' id='word_1_157' title='bbox 1030 2112 1214 2178; x_wconf 87' lang='lat' dir='ltr'>pronominis,</span> 
     </span>
     <span class='ocr_line' id='line_1_18' title="bbox 232 2194 1214 2262; baseline 0.002 -16"><span class='ocrx_word' id='word_1_158' title='bbox 232 2196 307 2259; x_wconf 89' lang='lat' dir='ltr'>quod</span> <span class='ocrx_word' id='word_1_159' title='bbox 335 2204 379 2249; x_wconf 90' lang='lat' dir='ltr'>est</span> <span class='ocrx_word' id='word_1_160' title='bbox 405 2214 458 2261; x_wconf 71' lang='lat' dir='ltr'>epo,</span> <span class='ocrx_word' id='word_1_161' title='bbox 488 2195 536 2248; x_wconf 93' lang='lat' dir='ltr'>ubi</span> <span class='ocrx_word' id='word_1_162' title='bbox 565 2201 614 2246; x_wconf 91' lang='lat' dir='ltr'>aut</span> <span class='ocrx_word' id='word_1_163' title='bbox 642 2194 787 2260; x_wconf 85' lang='lat' dir='ltr'>objectum</span> <span class='ocrx_word' id='word_1_164' title='bbox 814 2199 963 2248; x_wconf 84' lang='lat' dir='ltr'>sententiae</span> <span class='ocrx_word' id='word_1_165' title='bbox 994 2196 1137 2262; x_wconf 85' lang='lat' dir='ltr'>primariae</span> <span class='ocrx_word' id='word_1_166' title='bbox 1165 2202 1214 2248; x_wconf 88' lang='lat' dir='ltr'>aut</span> 
     </span>
     <span class='ocr_line' id='line_1_19' title="bbox 234 2279 1215 2346; baseline 0.001 -15"><span class='ocrx_word' id='word_1_167' title='bbox 234 2279 392 2346; x_wconf 86' lang='lat' dir='ltr'>subjectum</span> <span class='ocrx_word' id='word_1_168' title='bbox 411 2279 559 2332; x_wconf 73' lang='lat' dir='ltr'>sententia</span> <span class='ocrx_word' id='word_1_169' title='bbox 583 2294 634 2345; x_wconf 91' lang='lat' dir='ltr'>per</span> <span class='ocrx_word' id='word_1_170' title='bbox 661 2279 850 2330; x_wconf 82' lang='lat' dir='ltr'>accusativum</span> <span class='ocrx_word' id='word_1_171' title='bbox 877 2295 937 2330; x_wconf 91' lang='lat' dir='ltr'>curn</span> <span class='ocrx_word' id='word_1_172' title='bbox 966 2279 1104 2332; x_wconf 88' lang='lat' dir='ltr'>infinitivo</span> <span class='ocrx_word' id='word_1_173' title='bbox 1132 2281 1215 2332; x_wconf 84' lang='lat' dir='ltr'>elatae</span> 
     </span>
     <span class='ocr_line' id='line_1_20' title="bbox 232 2362 1216 2429; baseline 0.002 -15"><span class='ocrx_word' id='word_1_174' title='bbox 232 2377 295 2415; x_wconf 84' lang='lat' dir='ltr'>esse</span> <span class='ocrx_word' id='word_1_175' title='bbox 316 2363 448 2429; x_wconf 86' lang='lat' dir='ltr'>debebat,</span> <span class='ocrx_word' id='word_1_176' title='bbox 470 2363 569 2416; x_wconf 90' lang='lat' dir='ltr'>crebro</span> <span class='ocrx_word' id='word_1_177' title='bbox 589 2369 719 2417; x_wconf 88' lang='lat' dir='ltr'>nontam</span> <span class='ocrx_word' id='word_1_178' title='bbox 739 2362 886 2414; x_wconf 85' lang='lat' dir='ltr'>omittatur·</span> <span class='ocrx_word' id='word_1_179' title='bbox 906 2379 988 2428; x_wconf 89' lang='lat' dir='ltr'>quam</span> <span class='ocrx_word' id='word_1_180' title='bbox 1018 2378 1053 2415; x_wconf 85' lang='lat' dir='ltr'>ex</span> <span class='ocrx_word' id='word_1_181' title='bbox 1072 2364 1216 2416; x_wconf 81' lang='lat' dir='ltr'>sententia</span> 
     </span>
     <span class='ocr_line' id='line_1_21' title="bbox 231 2448 1215 2514; baseline 0.002 -16"><span class='ocrx_word' id='word_1_182' title='bbox 231 2462 393 2514; x_wconf 82' lang='lat' dir='ltr'>praegressa</span> <span class='ocrx_word' id='word_1_183' title='bbox 413 2448 558 2513; x_wconf 87' lang='lat' dir='ltr'>audiatur,</span> <span class='ocrx_word' id='word_1_184' title='bbox 588 2448 622 2500; x_wconf 87' lang='lat' dir='ltr'>ad</span> <span class='ocrx_word' id='word_1_185' title='bbox 648 2458 772 2497; x_wconf 84' lang='lat' dir='ltr'>moventem</span> <span class='ocrx_word' id='word_1_186' title='bbox 800 2461 834 2498; x_wconf 84' lang='lat' dir='ltr'>ex</span> <span class='ocrx_word' id='word_1_187' title='bbox 863 2462 1023 2513; x_wconf 76' lang='lat' dir='ltr'>praegresso</span> <span class='ocrx_word' id='word_1_188' title='bbox 1050 2449 1215 2514; x_wconf 88' lang='lat' dir='ltr'>pronomine</span> 
     </span>
     <span class='ocr_line' id='line_1_22' title="bbox 232 2520 1215 2607; baseline 0.003 -26"><span class='ocrx_word' id='word_1_189' title='bbox 232 2550 284 2582; x_wconf 87' lang='lat' dir='ltr'>mea</span> <span class='ocrx_word' id='word_1_190' title='bbox 302 2520 333 2584; x_wconf 84' lang='lat' dir='ltr'>et</span> <span class='ocrx_word' id='word_1_191' title='bbox 353 2533 388 2585; x_wconf 89' lang='lat' dir='ltr'>ad</span> <span class='ocrx_word' id='word_1_192' title='bbox 405 2535 533 2583; x_wconf 79' lang='lat' dir='ltr'>minantem</span> <span class='ocrx_word' id='word_1_193' title='bbox 553 2549 587 2585; x_wconf 84' lang='lat' dir='ltr'>ex</span> <span class='ocrx_word' id='word_1_194' title='bbox 605 2551 677 2599; x_wconf 82' lang='lat' dir='ltr'>apum</span> <span class='ocrx_word' id='word_1_195' title='bbox 695 2530 864 2584; x_wconf 88' lang='lat' dir='ltr'>audiendum</span> <span class='ocrx_word' id='word_1_196' title='bbox 894 2541 938 2583; x_wconf 83' lang='lat' dir='ltr'>est</span> <span class='ocrx_word' id='word_1_197' title='bbox 955 2549 998 2598; x_wconf 81' lang='lat' dir='ltr'>me,</span> <span class='ocrx_word' id='word_1_198' title='bbox 1016 2540 1047 2607; x_wconf 77' lang='lat' dir='ltr'>ut</span> <span class='ocrx_word' id='word_1_199' title='bbox 1065 2533 1109 2584; x_wconf 87' lang='lat' dir='ltr'>his</span> <span class='ocrx_word' id='word_1_200' title='bbox 1129 2533 1215 2586; x_wconf 88' lang='lat' dir='ltr'>locis:</span> 
     </span>
     <span class='ocr_line' id='line_1_23' title="bbox 232 2615 1216 2683; baseline -0.001 -15"><span class='ocrx_word' id='word_1_201' title='bbox 232 2615 327 2682; x_wconf 84' lang='lat' dir='ltr'>Epist.</span> <span class='ocrx_word' id='word_1_202' title='bbox 348 2617 371 2682; x_wconf 77' lang='lat' dir='ltr'>I,</span> <span class='ocrx_word' id='word_1_203' title='bbox 391 2620 432 2683; x_wconf 75' lang='lat'>20,</span> <span class='ocrx_word' id='word_1_204' title='bbox 453 2620 484 2673; x_wconf 83' lang='lat'>17</span> <span class='ocrx_word' id='word_1_205' title='bbox 499 2619 553 2668; x_wconf 88' lang='lat' dir='ltr'>Hoc</span> <span class='ocrx_word' id='word_1_206' title='bbox 570 2634 660 2682; x_wconf 83' lang='lat' dir='ltr'>quoque</span> <span class='ocrx_word' id='word_1_207' title='bbox 677 2625 803 2682; x_wconf 72' lang='lat' dir='ltr'>temnet,</span> <span class='ocrx_word' id='word_1_208' title='bbox 821 2624 847 2664; x_wconf 85' lang='lat' dir='ltr'>ut</span> <span class='ocrx_word' id='word_1_209' title='bbox 862 2633 950 2679; x_wconf 86' lang='lat' dir='ltr'>pueros</span> <span class='ocrx_word' id='word_1_210' title='bbox 969 2616 1082 2666; x_wconf 85' lang='lat' dir='ltr'>elemento</span> <span class='ocrx_word' id='word_1_211' title='bbox 1099 2617 1216 2667; x_wconf 86' lang='lat' dir='ltr'>docentem</span> 
     </span>
     <span class='ocr_line' id='line_1_24' title="bbox 237 2691 1216 2766; baseline 0.003 -16"><span class='ocrx_word' id='word_1_212' title='bbox 237 2700 339 2766; x_wconf 80' lang='lat' dir='ltr'>Occupet</span> <span class='ocrx_word' id='word_1_213' title='bbox 360 2743 365 2753; x_wconf 92' lang='lat'>.</span> <span class='ocrx_word' id='word_1_214' title='bbox 389 2742 395 2755; x_wconf 91' lang='lat'>.</span> <span class='ocrx_word' id='word_1_215' title='bbox 415 2711 537 2762; x_wconf 81' lang='lat' dir='ltr'>senectus5</span> <span class='ocrx_word' id='word_1_216' title='bbox 565 2701 625 2754; x_wconf 83' lang='lat' dir='ltr'>Sat.</span> <span class='ocrx_word' id='word_1_217' title='bbox 642 2691 682 2762; x_wconf 73' lang='lat' dir='ltr'>ll,</span> <span class='ocrx_word' id='word_1_218' title='bbox 713 2705 744 2765; x_wconf 71' lang='lat'>5.</span> <span class='ocrx_word' id='word_1_219' title='bbox 773 2703 806 2754; x_wconf 66' lang='lat'>42</span> <span class='ocrx_word' id='word_1_220' title='bbox 825 2699 910 2749; x_wconf 76' lang='lat' dir='ltr'>Nonne</span> <span class='ocrx_word' id='word_1_221' title='bbox 927 2700 1004 2766; x_wconf 67' lang='lat' dir='ltr'>vides,</span> <span class='ocrx_word' id='word_1_222' title='bbox 1032 2701 1123 2764; x_wconf 78' lang='lat' dir='ltr'>uliquis</span> <span class='ocrx_word' id='word_1_223' title='bbox 1141 2703 1216 2751; x_wconf 79' lang='lat' dir='ltr'>cubito</span> 
     </span>
     <span class='ocr_line' id='line_1_25' title="bbox 231 2784 1215 2851; baseline 0.001 -18"><span class='ocrx_word' id='word_1_224' title='bbox 231 2793 332 2834; x_wconf 87' lang='lat' dir='ltr'>stantem</span> <span class='ocrx_word' id='word_1_225' title='bbox 346 2803 423 2851; x_wconf 83' lang='lat' dir='ltr'>prope</span> <span class='ocrx_word' id='word_1_226' title='bbox 450 2795 546 2851; x_wconf 73' lang='lat' dir='ltr'>temperes</span> <span class='ocrx_word' id='word_1_227' title='bbox 564 2785 673 2851; x_wconf 85' lang='lat' dir='ltr'>Inquiet3</span> <span class='ocrx_word' id='word_1_228' title='bbox 703 2786 761 2837; x_wconf 85' lang='lat' dir='ltr'>sat.</span> <span class='ocrx_word' id='word_1_229' title='bbox 788 2784 824 2849; x_wconf 86' lang='lat' dir='ltr'>II,</span> <span class='ocrx_word' id='word_1_230' title='bbox 844 2785 868 2849; x_wconf 83' lang='lat'>3,</span> <span class='ocrx_word' id='word_1_231' title='bbox 888 2786 922 2838; x_wconf 73' lang='lat'>72</span> <span class='ocrx_word' id='word_1_232' title='bbox 945 2784 1019 2842; x_wconf 78' lang='lat' dir='ltr'>Quum</span> <span class='ocrx_word' id='word_1_233' title='bbox 1036 2786 1119 2849; x_wconf 84' lang='lat' dir='ltr'>rapies</span> <span class='ocrx_word' id='word_1_234' title='bbox 1136 2787 1215 2850; x_wconf 86' lang='lat' dir='ltr'>injus</span> 
     </span>
     <span class='ocr_line' id='line_1_26' title="bbox 231 2868 1215 2936; baseline 0.003 -18"><span class='ocrx_word' id='word_1_235' title='bbox 231 2869 303 2920; x_wconf 82' lang='lat' dir='ltr'>malis</span> <span class='ocrx_word' id='word_1_236' title='bbox 321 2870 433 2920; x_wconf 83' lang='lat' dir='ltr'>ridentem</span> <span class='ocrx_word' id='word_1_237' title='bbox 452 2870 546 2935; x_wconf 77' lang='lat' dir='ltr'>alienis,</span> <span class='ocrx_word' id='word_1_238' title='bbox 564 2869 741 2936; x_wconf 82' lang='lat' dir='ltr'>pronomina,</span> <span class='ocrx_word' id='word_1_239' title='bbox 762 2882 823 2933; x_wconf 79' lang='lat' dir='ltr'>quae</span> <span class='ocrx_word' id='word_1_240' title='bbox 843 2873 1055 2934; x_wconf 71' lang='lat' dir='ltr'>annitentem,</span> <span class='ocrx_word' id='word_1_241' title='bbox 1075 2868 1215 2921; x_wconf 80' lang='lat' dir='ltr'>audienda</span> 
     </span>
     <span class='ocr_line' id='line_1_27' title="bbox 219 2952 1213 3020; baseline -0.001 -16"><span class='ocrx_word' id='word_1_242' title='bbox 219 2961 305 3005; x_wconf 81' lang='lat' dir='ltr'>sunt.</span> <span class='ocrx_word' id='word_1_243' title='bbox 341 2953 423 3005; x_wconf 85' lang='lat' dir='ltr'>Talia</span> <span class='ocrx_word' id='word_1_244' title='bbox 450 2953 580 3019; x_wconf 84' lang='lat' dir='ltr'>exempla</span> <span class='ocrx_word' id='word_1_245' title='bbox 607 2953 681 3020; x_wconf 88' lang='lat' dir='ltr'>apud</span> <span class='ocrx_word' id='word_1_246' title='bbox 707 2953 871 3006; x_wconf 87' lang='lat' dir='ltr'>Juvenalem</span> <span class='ocrx_word' id='word_1_247' title='bbox 894 2969 950 3004; x_wconf 91' lang='lat' dir='ltr'>non</span> <span class='ocrx_word' id='word_1_248' title='bbox 970 2959 1084 3006; x_wconf 81' lang='lat' dir='ltr'>exstant</span> <span class='ocrx_word' id='word_1_249' title='bbox 1111 2952 1213 3018; x_wconf 85' lang='lat' dir='ltr'>(neque</span> 
     </span>
     <span class='ocr_line' id='line_1_28' title="bbox 208 3037 1214 3106; baseline -0.004 -14"><span class='ocrx_word' id='word_1_250' title='bbox 208 3066 210 3071; x_wconf 93' lang='lat'>·</span> <span class='ocrx_word' id='word_1_251' title='bbox 233 3040 308 3106; x_wconf 87' lang='lat' dir='ltr'>apud</span> <span class='ocrx_word' id='word_1_252' title='bbox 327 3037 473 3102; x_wconf 86' lang='lat' dir='ltr'>Persium).</span> <span class='ocrx_word' id='word_1_253' title='bbox 509 3039 611 3092; x_wconf 89' lang='lat' dir='ltr'>Rarius</span> <span class='ocrx_word' id='word_1_254' title='bbox 640 3037 715 3104; x_wconf 85' lang='lat' dir='ltr'>apud</span> <span class='ocrx_word' id='word_1_255' title='bbox 738 3037 885 3088; x_wconf 85' lang='lat' dir='ltr'>Horatium</span> <span class='ocrx_word' id='word_1_256' title='bbox 914 3037 949 3089; x_wconf 87' lang='lat' dir='ltr'>ad</span> <span class='ocrx_word' id='word_1_257' title='bbox 980 3037 1103 3089; x_wconf 88' lang='lat' dir='ltr'>dativum</span> <span class='ocrx_word' id='word_1_258' title='bbox 1127 3037 1214 3103; x_wconf 89' lang='lat' dir='ltr'>parti-</span> 
     </span>
     <span class='ocr_line' id='line_1_29' title="bbox 234 3120 1212 3190; baseline 0 -14"><span class='ocrx_word' id='word_1_259' title='bbox 234 3125 300 3190; x_wconf 91' lang='lat' dir='ltr'>cipii</span> <span class='ocrx_word' id='word_1_260' title='bbox 320 3121 428 3175; x_wconf 86' lang='lat' dir='ltr'>dativus</span> <span class='ocrx_word' id='word_1_261' title='bbox 448 3123 601 3175; x_wconf 89' lang='lat' dir='ltr'>eorundem</span> <span class='ocrx_word' id='word_1_262' title='bbox 619 3121 815 3189; x_wconf 87' lang='lat' dir='ltr'>pronominum</span> <span class='ocrx_word' id='word_1_263' title='bbox 839 3120 953 3173; x_wconf 87' lang='lat' dir='ltr'>auditur</span> <span class='ocrx_word' id='word_1_264' title='bbox 972 3122 1021 3173; x_wconf 88' lang='lat' dir='ltr'>ct&#39;r.</span> <span class='ocrx_word' id='word_1_265' title='bbox 1042 3121 1100 3174; x_wconf 84' lang='lat' dir='ltr'>Sat.</span> <span class='ocrx_word' id='word_1_266' title='bbox 1119 3121 1160 3186; x_wconf 91' lang='lat' dir='ltr'>II,</span> <span class='ocrx_word' id='word_1_267' title='bbox 1187 3125 1212 3186; x_wconf 81' lang='lat'>5,</span> 
     </span>
     <span class='ocr_line' id='line_1_30' title="bbox 235 3206 1215 3272; baseline -0.005 -12"><span class='ocrx_word' id='word_1_268' title='bbox 235 3211 246 3262; x_wconf 89' lang='lat' dir='ltr'>l</span> <span class='ocrx_word' id='word_1_269' title='bbox 267 3210 322 3258; x_wconf 87' lang='lat' dir='ltr'>Hoc</span> <span class='ocrx_word' id='word_1_270' title='bbox 345 3225 448 3272; x_wconf 79' lang='lat' dir='ltr'>qnoque,</span> <span class='ocrx_word' id='word_1_271' title='bbox 483 3208 507 3257; x_wconf 91' lang='lat' dir='ltr'><em>T</em></span> <span class='ocrx_word' id='word_1_272' title='bbox 505 3208 593 3272; x_wconf 74' lang='lat' dir='ltr'>irtsia,</span> <span class='ocrx_word' id='word_1_273' title='bbox 620 3215 709 3272; x_wconf 79' lang='lat' dir='ltr'>prater</span> <span class='ocrx_word' id='word_1_274' title='bbox 731 3216 836 3255; x_wconf 73' lang='lat' dir='ltr'>namara</span> <span class='ocrx_word' id='word_1_275' title='bbox 859 3207 949 3268; x_wconf 85' lang='lat' dir='ltr'>petenti</span> <span class='ocrx_word' id='word_1_276' title='bbox 966 3206 1103 3270; x_wconf 69' lang='lat' dir='ltr'>Responde,</span> <span class='ocrx_word' id='word_1_277' title='bbox 1133 3207 1215 3269; x_wconf 84' lang='lat' dir='ltr'>quibus</span> 
     </span>
     <span class='ocr_line' id='line_1_31' title="bbox 234 3289 1213 3357; baseline 0.001 -16"><span class='ocrx_word' id='word_1_278' title='bbox 234 3294 331 3342; x_wconf 76' lang='lat' dir='ltr'>urrrrssis</span> <span class='ocrx_word' id='word_1_279' title='bbox 349 3309 466 3357; x_wconf 84' lang='lat' dir='ltr'>reparare</span> <span class='ocrx_word' id='word_1_280' title='bbox 484 3309 568 3357; x_wconf 86' lang='lat' dir='ltr'>queam</span> <span class='ocrx_word' id='word_1_281' title='bbox 585 3309 624 3341; x_wconf 88' lang='lat' dir='ltr'>res</span> <span class='ocrx_word' id='word_1_282' title='bbox 648 3291 717 3355; x_wconf 82' lang='lat' dir='ltr'>(midi</span> <span class='ocrx_word' id='word_1_283' title='bbox 743 3305 777 3342; x_wconf 85' lang='lat' dir='ltr'>ex</span> <span class='ocrx_word' id='word_1_284' title='bbox 805 3308 890 3354; x_wconf 83' lang='lat' dir='ltr'>queam</span> <span class='ocrx_word' id='word_1_285' title='bbox 918 3289 1117 3342; x_wconf 85' lang='lat' dir='ltr'>arcessendum</span> <span class='ocrx_word' id='word_1_286' title='bbox 1146 3290 1213 3357; x_wconf 82' lang='lat' dir='ltr'>est);</span> 
     </span>
     <span class='ocr_line' id='line_1_32' title="bbox 234 3373 1214 3440; baseline -0.004 -14"><span class='ocrx_word' id='word_1_287' title='bbox 234 3375 304 3440; x_wconf 66' lang='lat' dir='ltr'>lua,</span> <span class='ocrx_word' id='word_1_288' title='bbox 324 3377 357 3431; x_wconf 85' lang='grc'>98</span> <span class='ocrx_word' id='word_1_289' title='bbox 375 3376 447 3426; x_wconf 83' lang='lat' dir='ltr'>Adde</span> <span class='ocrx_word' id='word_1_290' title='bbox 466 3417 471 3428; x_wconf 92' lang='lat'>.</span> <span class='ocrx_word' id='word_1_291' title='bbox 494 3386 540 3427; x_wconf 86' lang='lat' dir='ltr'>,te</span> <span class='ocrx_word' id='word_1_292' title='bbox 558 3377 603 3426; x_wconf 82' lang='lat' dir='ltr'>tibi</span> <span class='ocrx_word' id='word_1_293' title='bbox 619 3377 721 3440; x_wconf 82' lang='lat' dir='ltr'>iniquum</span> <span class='ocrx_word' id='word_1_294' title='bbox 740 3376 776 3426; x_wconf 88' lang='lat' dir='ltr'>Et</span> <span class='ocrx_word' id='word_1_295' title='bbox 784 3377 887 3440; x_wconf 85' lang='lat' dir='ltr'>frustra</span> <span class='ocrx_word' id='word_1_296' title='bbox 909 3376 990 3424; x_wconf 83' lang='lat' dir='ltr'>mortis</span> <span class='ocrx_word' id='word_1_297' title='bbox 1008 3373 1126 3440; x_wconf 83' lang='lat' dir='ltr'>cupidum,</span> <span class='ocrx_word' id='word_1_298' title='bbox 1146 3391 1214 3438; x_wconf 85' lang='lat' dir='ltr'>quum</span> 
     </span>
     <span class='ocr_line' id='line_1_33' title="bbox 235 3459 1213 3526; baseline -0.003 -16"><span class='ocrx_word' id='word_1_299' title='bbox 235 3461 310 3510; x_wconf 86' lang='lat' dir='ltr'>deerit</span> <span class='ocrx_word' id='word_1_300' title='bbox 327 3463 403 3526; x_wconf 82' lang='lat' dir='ltr'>epente&#39;</span> <span class='ocrx_word' id='word_1_301' title='bbox 430 3460 504 3525; x_wconf 81' lang='lat' dir='ltr'>(tibi)</span> <span class='ocrx_word' id='word_1_302' title='bbox 524 3462 574 3524; x_wconf 68' lang='lat'>11⁸3</span> <span class='ocrx_word' id='word_1_303' title='bbox 601 3460 642 3525; x_wconf 91' lang='lat' dir='ltr'>II,</span> <span class='ocrx_word' id='word_1_304' title='bbox 672 3463 701 3523; x_wconf 86' lang='lat'>5,</span> <span class='ocrx_word' id='word_1_305' title='bbox 720 3460 753 3513; x_wconf 85' lang='grc'>88</span> <span class='ocrx_word' id='word_1_306' title='bbox 772 3459 869 3510; x_wconf 84' lang='lat' dir='ltr'>Scilicet</span> <span class='ocrx_word' id='word_1_307' title='bbox 892 3459 957 3509; x_wconf 82' lang='lat' dir='ltr'>elabi</span> <span class='ocrx_word' id='word_1_308' title='bbox 978 3460 1002 3508; x_wconf 89' lang='lat' dir='ltr'>si</span> <span class='ocrx_word' id='word_1_309' title='bbox 1017 3468 1097 3523; x_wconf 85' lang='lat' dir='ltr'>posset</span> <span class='ocrx_word' id='word_1_310' title='bbox 1113 3467 1213 3523; x_wconf 83' lang='lat' dir='ltr'>mortua,</span> 
     </span>
     <span class='ocr_line' id='line_1_34' title="bbox 235 3541 1214 3609; baseline -0.001 -16"><span class='ocrx_word' id='word_1_311' title='bbox 235 3545 312 3609; x_wconf 81' lang='lat' dir='ltr'>credo,</span> <span class='ocrx_word' id='word_1_312' title='bbox 336 3545 405 3602; x_wconf 81' lang='lat' dir='ltr'>Quod</span> <span class='ocrx_word' id='word_1_313' title='bbox 420 3546 514 3595; x_wconf 86' lang='lat' dir='ltr'>nimium</span> <span class='ocrx_word' id='word_1_314' title='bbox 533 3546 653 3594; x_wconf 82' lang='lat' dir='ltr'>institerat</span> <span class='ocrx_word' id='word_1_315' title='bbox 670 3543 758 3594; x_wconf 74' lang='lat' dir='ltr'>aiverti</span> <span class='ocrx_word' id='word_1_316' title='bbox 775 3542 832 3608; x_wconf 83' lang='lat' dir='ltr'>(ei).</span> <span class='ocrx_word' id='word_1_317' title='bbox 870 3541 922 3596; x_wconf 88' lang='lat' dir='ltr'>Ubi</span> <span class='ocrx_word' id='word_1_318' title='bbox 932 3541 1033 3595; x_wconf 84' lang='lat' dir='ltr'>deinde</span> <span class='ocrx_word' id='word_1_319' title='bbox 1045 3541 1214 3606; x_wconf 80' lang='lat' dir='ltr'>adjectivum</span> 
     </span>
     <span class='ocr_line' id='line_1_35' title="bbox 233 3625 1211 3698; baseline -0.005 -19"><span class='ocrx_word' id='word_1_320' title='bbox 233 3644 285 3694; x_wconf 93' lang='lat' dir='ltr'>pro</span> <span class='ocrx_word' id='word_1_321' title='bbox 305 3628 480 3681; x_wconf 87' lang='lat' dir='ltr'>substantivo</span> <span class='ocrx_word' id='word_1_322' title='bbox 499 3643 655 3695; x_wconf 86' lang='lat' dir='ltr'>personam·</span> <span class='ocrx_word' id='word_1_323' title='bbox 668 3628 847 3698; x_wconf 81' lang='lat' dir='ltr'>significante</span> <span class='ocrx_word' id='word_1_324' title='bbox 872 3627 998 3692; x_wconf 88' lang='lat' dir='ltr'>positum</span> <span class='ocrx_word' id='word_1_325' title='bbox 1021 3625 1211 3692; x_wconf 66' lang='lat' dir='ltr'>premittitur,</span> 
     </span>
     <span class='ocr_line' id='line_1_36' title="bbox 234 3711 1212 3779; baseline -0.004 -16"><span class='ocrx_word' id='word_1_326' title='bbox 234 3713 370 3765; x_wconf 88' lang='lat' dir='ltr'>Horatius</span> <span class='ocrx_word' id='word_1_327' title='bbox 389 3713 530 3765; x_wconf 88' lang='lat' dir='ltr'>interdum</span> <span class='ocrx_word' id='word_1_328' title='bbox 548 3712 730 3779; x_wconf 86' lang='lat' dir='ltr'>participium</span> <span class='ocrx_word' id='word_1_329' title='bbox 747 3712 789 3763; x_wconf 88' lang='lat' dir='ltr'>ita</span> <span class='ocrx_word' id='word_1_330' title='bbox 811 3711 907 3778; x_wconf 89' lang='lat' dir='ltr'>ponit,</span> <span class='ocrx_word' id='word_1_331' title='bbox 938 3717 969 3762; x_wconf 88' lang='lat' dir='ltr'>ut</span> <span class='ocrx_word' id='word_1_332' title='bbox 987 3724 1065 3762; x_wconf 88' lang='lat' dir='ltr'>novae</span> <span class='ocrx_word' id='word_1_333' title='bbox 1083 3723 1212 3774; x_wconf 74' lang='lat' dir='ltr'>personas</span> 
     </span>
     <span class='ocr_line' id='line_1_37' title="bbox 234 3794 1213 3863; baseline -0.007 -15"><span class='ocrx_word' id='word_1_334' title='bbox 234 3797 377 3848; x_wconf 85' lang='lat' dir='ltr'>notionem</span> <span class='ocrx_word' id='word_1_335' title='bbox 396 3797 527 3850; x_wconf 81' lang='lat' dir='ltr'>inducat:</span> <span class='ocrx_word' id='word_1_336' title='bbox 545 3797 567 3863; x_wconf 91' lang='lat' dir='ltr'>I,</span> <span class='ocrx_word' id='word_1_337' title='bbox 588 3799 628 3862; x_wconf 83' lang='grc'>18,</span> <span class='ocrx_word' id='word_1_338' title='bbox 656 3798 690 3852; x_wconf 88' lang='grc'>89</span> <span class='ocrx_word' id='word_1_339' title='bbox 710 3795 812 3846; x_wconf 82' lang='lat' dir='ltr'>Oderunt</span> <span class='ocrx_word' id='word_1_340' title='bbox 838 3796 937 3845; x_wconf 77' lang='lat' dir='ltr'>hilarem</span> <span class='ocrx_word' id='word_1_341' title='bbox 966 3795 1054 3859; x_wconf 80' lang='lat' dir='ltr'>tristes,</span> <span class='ocrx_word' id='word_1_342' title='bbox 1082 3794 1213 3857; x_wconf 74' lang='lat' dir='ltr'>tristemque</span> 
     </span>
     <span class='ocr_line' id='line_1_38' title="bbox 227 3871 1214 3946; baseline 0.002 -16"><span class='ocrx_word' id='word_1_343' title='bbox 227 3883 309 3946; x_wconf 86' lang='lat' dir='ltr'>jocosi</span> <span class='ocrx_word' id='word_1_344' title='bbox 326 3921 331 3932; x_wconf 93' lang='lat'>.</span> <span class='ocrx_word' id='word_1_345' title='bbox 350 3919 356 3931; x_wconf 90' lang='lat'>.</span> <span class='ocrx_word' id='word_1_346' title='bbox 376 3882 476 3932; x_wconf 80' lang='lat' dir='ltr'>Potores</span> <span class='ocrx_word' id='word_1_347' title='bbox 498 3891 612 3946; x_wconf 86' lang='lat' dir='ltr'>porrecta</span> <span class='ocrx_word' id='word_1_348' title='bbox 637 3871 762 3946; x_wconf 77' lang='lat' dir='ltr'>repentem</span> <span class='ocrx_word' id='word_1_349' title='bbox 776 3878 876 3944; x_wconf 82' lang='lat' dir='ltr'>pocula3</span> <span class='ocrx_word' id='word_1_350' title='bbox 903 3877 996 3943; x_wconf 86' lang='lat' dir='ltr'>Epist.</span> <span class='ocrx_word' id='word_1_351' title='bbox 1015 3878 1037 3942; x_wconf 89' lang='lat' dir='ltr'>l,</span> <span class='ocrx_word' id='word_1_352' title='bbox 1059 3879 1101 3942; x_wconf 86' lang='grc'>18,</span> <span class='ocrx_word' id='word_1_353' title='bbox 1126 3879 1160 3932; x_wconf 83' lang='grc'>80</span> <span class='ocrx_word' id='word_1_354' title='bbox 1182 3877 1214 3926; x_wconf 80' lang='lat' dir='ltr'>Ul</span> 
     </span>
     <span class='ocr_line' id='line_1_39' title="bbox 232 3960 1212 4032; baseline -0.005 -16"><span class='ocrx_word' id='word_1_355' title='bbox 232 3967 329 4032; x_wconf 85' lang='lat' dir='ltr'>penitus</span> <span class='ocrx_word' id='word_1_356' title='bbox 348 3975 424 4016; x_wconf 89' lang='lat' dir='ltr'>notum</span> <span class='ocrx_word' id='word_1_357' title='bbox 448 4007 452 4017; x_wconf 97' lang='lat'>.</span> <span class='ocrx_word' id='word_1_358' title='bbox 477 4005 482 4016; x_wconf 94' lang='lat'>.</span> <span class='ocrx_word' id='word_1_359' title='bbox 502 3983 581 4014; x_wconf 74' lang='lat' dir='ltr'>serves</span> <span class='ocrx_word' id='word_1_360' title='bbox 604 3966 629 4015; x_wconf 89' lang='grc' dir='ltr'><strong><em>Τ</em></strong></span> <span class='ocrx_word' id='word_1_361' title='bbox 628 3965 745 4028; x_wconf 80' lang='lat' dir='ltr'>uterispue</span> <span class='ocrx_word' id='word_1_362' title='bbox 767 3973 805 4013; x_wconf 84' lang='lat' dir='ltr'>tuo</span> <span class='ocrx_word' id='word_1_363' title='bbox 828 3963 933 4012; x_wconf 76' lang='lat' dir='ltr'>ridentem</span> <span class='ocrx_word' id='word_1_364' title='bbox 949 3962 1065 4025; x_wconf 75' lang='lat' dir='ltr'>prasidio</span> <span class='ocrx_word' id='word_1_365' title='bbox 1083 3961 1133 4013; x_wconf 86' lang='lat' dir='ltr'>cfr.</span> <span class='ocrx_word' id='word_1_366' title='bbox 1154 3960 1212 4013; x_wconf 83' lang='lat' dir='ltr'>Sat.</span> 
     </span>
     <span class='ocr_line' id='line_1_40' title="bbox 233 4045 1211 4116; baseline -0.004 -14"><span class='ocrx_word' id='word_1_367' title='bbox 233 4050 261 4116; x_wconf 70' lang='grc' dir='ltr'>Ι,</span> <span class='ocrx_word' id='word_1_368' title='bbox 282 4052 310 4111; x_wconf 80' lang='grc'>5,</span> <span class='ocrx_word' id='word_1_369' title='bbox 330 4052 388 4106; x_wconf 87' lang='grc'><strong>119.</strong></span> <span class='ocrx_word' id='word_1_370' title='bbox 431 4048 615 4114; x_wconf 85' lang='lat' dir='ltr'>Participium</span> <span class='ocrx_word' id='word_1_371' title='bbox 641 4048 784 4101; x_wconf 86' lang='lat' dir='ltr'>notionem</span> <span class='ocrx_word' id='word_1_372' title='bbox 812 4046 944 4112; x_wconf 83' lang='lat' dir='ltr'>adjectivi</span> <span class='ocrx_word' id='word_1_373' title='bbox 962 4061 1014 4112; x_wconf 89' lang='lat' dir='ltr'>pro</span> <span class='ocrx_word' id='word_1_374' title='bbox 1034 4045 1211 4098; x_wconf 84' lang='lat' dir='ltr'>substantivo</span> 
     </span>
     <span class='ocr_line' id='line_1_41' title="bbox 234 4131 1211 4210; baseline -0.005 -23"><span class='ocrx_word' id='word_1_375' title='bbox 234 4135 322 4210; x_wconf 85' lang='lat' dir='ltr'>positi</span> <span class='ocrx_word' id='word_1_376' title='bbox 343 4131 592 4200; x_wconf 78' lang='lat' dir='ltr'>sicpropeinduit.</span> <span class='ocrx_word' id='word_1_377' title='bbox 628 4131 813 4197; x_wconf 86' lang='lat' dir='ltr'>Participium</span> <span class='ocrx_word' id='word_1_378' title='bbox 832 4131 952 4194; x_wconf 83' lang='lat' dir='ltr'>denique</span> <span class='ocrx_word' id='word_1_379' title='bbox 972 4131 1123 4197; x_wconf 84' lang='lat' dir='ltr'>praesentis</span> <span class='ocrx_word' id='word_1_380' title='bbox 1142 4135 1211 4182; x_wconf 88' lang='lat' dir='ltr'>tem-</span> 
     </span>
    </p>
   </div>
   <div class='ocr_carea' id='block_1_4' title="bbox 0 0 1352 4582">
    <p class='ocr_par' dir='ltr' id='par_1_4' title="bbox 0 0 1352 4582">
     <span class='ocr_line' id='line_1_42' title="bbox 0 0 1352 4582; baseline 0 1"><span class='ocrx_word' id='word_1_381' title='bbox 0 0 1352 4582; x_wconf 95' lang='lat' dir='ltr'> </span> 
     </span>
    </p>
   </div>
  </div>
 </body>
</html>
