2694 4582
504 283 548 334 De
566 282 725 335 mutatione
743 281 861 334 numeri.
1143 284 1204 348 199

153 489 289 573 plurium
311 504 487 551 caussarum
509 484 768 549 enumerationem
789 487 968 566 exspectans
989 503 1082 548 unam
1110 484 1203 567 legat,

151 595 228 658 mire
251 594 416 670 afficiatur,
451 594 504 657 sed
527 592 696 668 3333333333,
729 610 820 672 quam
842 592 992 674 particula
1019 596 1056 656 33
1077 593 1202 666 inducit,

153 703 233 783 quod
257 701 306 765 vix
329 704 393 773 est.
417 717 642 774 cormoneam
665 699 857 763 substantivo
880 699 991 762 333333
1012 717 1073 763 non
1094 700 1203 781 adjun-
1293 722 1295 727 ·

152 809 251 890 gitur,
286 810 317 871 33
350 826 420 870 enm
458 807 581 871 vocibus
609 806 802 891 praegressis:
836 806 1008 870 vivendum
1040 810 1124 870 recte
1156 810 1204 870 est

153 918 237 978 arcte
272 916 418 978 cohaeret.
462 913 529 978 Η33
551 915 663 977 333333
690 916 762 977 sunt
794 932 927 985 caussae,
960 930 1035 994 quas
1057 916 1150 999 poeta
1171 914 1204 977 in

151 1020 292 1085 versibus
332 1024 498 1087 105—117
533 1021 680 1104 exposuit.
739 1021 933 1085 Hermannns
966 1025 1067 1084 autem
1101 1021 1203 1084 locum

148 1128 196 1192 sic
218 1127 338 1192 scribit:

200 1279 377 1344 chrcdrrm
398 1283 481 1343 recte
503 1284 566 1360 333,
601 1299 701 1359 quom
716 1282 856 1360 propter
870 1277 1037 1358 plurima,
1061 1282 1130 1342 3333
1151 1279 1201 1344 333

192 1387 324 1451 Idcirco
346 1391 384 1449 33
399 1387 513 1467 possis
536 1385 681 1468 33393333
703 1389 902 1449 contemnere
923 1387 1019 1449 serri.
1216 1383 1222 1393 '

192 1494 363 1574 Praecipere
385 1513 461 1558 3333
482 1494 539 1571 333,
562 1496 600 1556 33
622 1492 752 1574 3333333
774 1493 1014 1572 mancipiorum

196 1600 410 1679 Uocternoas;
432 1620 512 1664 3333
533 1599 647 1681 tropos
669 1598 750 1662 33333
765 1618 852 1680 pars
868 1600 1017 1679 pessimo
1039 1602 1142 1681 serai;

191 1706 346 1772 Deterior
368 1712 476 1772 333333
498 1707 559 1785 333,
583 1708 640 1787 333
663 1705 744 1770 33333
765 1684 832 1770 icoo
854 1708 917 1770 erit
937 1705 1018 1786 33333,

179 1815 340 1896 ⁴(luorum
362 1817 493 1879 3333333
515 1819 546 1878 33
559 1813 738 1897 sorresco
762 1813 903 1877 custodit
925 1818 955 1878 33
977 1834 1065 1896 333.Ι

199 1921 285 1991 Utile
307 1922 479 1988 3333333333
500 1921 604 2000 modo,
626 1922 685 1985 sed
705 1941 870 1985 33333333
892 1921 1030 1986 dedisti:

149 2091 621 2170 33333333333331333333333333,
656 2110 722 2172 quae
754 2095 899 2158 3333333
925 2093 974 2155 333
1002 2093 1198 2177 processis,

133 2197 360 2262 ‘infelicissima
382 2203 444 2280 333,
469 2218 538 2261 nam
561 2217 658 2279 noque
680 2218 755 2263 3333
778 2217 849 2261 cum
871 2200 1007 2263 metricis
1029 2200 1198 2264 rationibus

148 2305 297 2386 congruit,
320 2324 414 2386 quum
435 2307 527 2386 poeta
549 2323 588 2368 ne
610 2323 661 2368 eos
684 2305 804 2386 quidem
827 2305 1024 2386 imperativos
1046 2307 1199 2388 corripiat,

146 2411 200 2492 qui
233 2413 315 2496 apud
347 2412 474 2496 priores·
497 2415 602 2494 poetas
643 2411 795 2474 interdurn
832 2413 962 2493 correpti
993 2420 1065 2476 sunt
1094 2413 1197 2494 (3333,

145 2516 235 2591 octe,
270 2521 354 2597 tace,
389 2517 500 2596 3333),
534 2536 630 2599 neque
662 2516 814 2599 particula
846 2521 884 2580 33
914 2517 1096 2599 imperativo
1124 2540 1198 2587 3333

147 2624 257 2706 subjici
279 2627 389 2706 potest.
434 2624 514 2698 Alii,
541 2644 600 2688 non
630 2623 794 2688 feliciores.
817 2643 872 2706 pro
896 2628 964 2688 3333
983 2624 1035 2688 333
1062 2627 1198 2691 scribunt

146 2734 225 2794 3333
237 2731 298 2806 iris,
311 2751 382 2794 nam
393 2731 562 2807 iuvenalis,
584 2730 658 2795 13333
675 2731 708 2794 in
720 2731 856 2796 oratione
878 2731 991 2795 ordinis
1013 2736 1105 2814 atque
1127 2751 1197 2799 con·

146 2839 312 2903 secationis
325 2838 408 2902 notio
429 2837 512 2911 insit,
536 2841 567 2900 33
589 2841 660 2901 ante
682 2837 816 2902 vocalem
839 2839 961 2902 etanta
983 2843 1200 2906 consonantem

147 2945 259 3027 ubique
272 2949 356 3024 3333,
379 2964 439 3009 non
464 2949 541 3021 3333,
564 2947 600 3008 de
613 2948 749 3026 tempore
769 2944 855 3027 ponit
877 2947 966 3019 (3333
990 2965 1089 3026 quum
1111 2947 1198 3025 ΧΙΙΙ,

145 3055 197 3126 40,
231 3052 269 3126 Χ,
305 3056 361 3139 26,
394 3051 466 3132 VH,
502 3055 570 3127 108,
595 3069 655 3133 quo
677 3052 741 3116 loco
766 3052 960 3116 Hermannus
993 3055 1061 3116 3333
1083 3052 1198 3128 scribit,

144 3160 199 3222 sed
221 3159 275 3223 cfr.
288 3179 316 3224 v.
344 3164 419 3234 1113
441 3159 500 3240 HL·
523 3161 586 3224 212
599 3157 638 3222 a·
660 3157 774 3224 cecidit
795 3158 919 3236 333333,
942 3162 1020 3226 3333
1040 3160 1199 3240 cemimus

143 3264 198 3329 cir.
224 3265 277 3343 Vl,
304 3269 373 3343 122,
397 3269 469 3343 235,
493 3267 569 3339 607,
594 3266 637 3342 Χ,
661 3268 718 3343 89,
741 3267 819 3344 267,
842 3265 912 3343 XII,
935 3267 1000 3345 33),
1024 3284 1120 3348 nequo
1144 3284 1198 3350 pro

146 3376 328 3452 quum-tum
348 3391 480 3454 nsquam
502 3376 693 3452 3333333333
716 3371 801 3436 dixit.
845 3372 903 3446 (Do
922 3371 1011 3436 hiatu
1034 3373 1064 3437 in
1088 3372 1197 3439 ultimo

145 3497 253 3543 versus
267 3481 342 3561 pede
354 3480 498 3543 metricas
513 3480 644 3544 rationes
659 3480 825 3543 tractantes
848 3477 1003 3547 diximusr
1049 3478 1135 3560 Quod
1158 3481 1198 3545 ad

147 3586 331 3668 conjunctivi
360 3605 497 3672 praesens
519 3589 641 3666 tempus
664 3584 728 3666 (Ut
748 3586 878 3665 possim
899 3589 1100 3653 3333333333
1122 3606 1197 3654 333-

141 3691 259 3756 3333333
280 3692 416 3776 dedisti)
433 3693 553 3767 attinet,
577 3693 730 3757 sententia
751 3691 908 3774 particulae
930 3698 968 3756 33
990 3694 1128 3777 sabjecta
1150 3695 1196 3760 oi·

145 3800 258 3863 fectum
275 3799 393 3864 consilii
412 3800 474 3864 dati
498 3802 684 3884 praesentem
707 3799 865 3880 exprimit:
889 3800 1001 3865 dedisti
1023 3800 1194 3879 consilium,

142 3906 224 3987 qnod
248 3905 352 3982 3333333,
374 3910 409 3970 33
436 3907 563 3988 possim,
598 3909 630 3970 et
663 3908 783 3970 exstant
805 3907 887 3991 apud
909 3906 1090 3972 iuvenalem
1119 3923 1194 3988 qua·

141 4015 213 4077 tuor
241 4013 332 4077 huius
354 4012 496 4095 loquendi
528 4013 650 4096 generis
672 4013 825 4094 exempla,
859 4032 927 4096 quae
949 4031 1005 4078 suo
1025 4013 1091 4077 loco
1114 4030 1195 4077 corn·

141 4120 389 4184 memorabimus.
