2694 4582
200 289 259 350 192
416 284 459 336 De
479 281 662 350 congruentia
681 282 802 349 subJ'ecti
821 289 850 336 et
867 283 1024 360 praedicati.

240 486 339 550 Narra
360 486 459 549 seclis
474 487 561 566 jaon
577 505 691 566 pauca
714 486 815 559 baara,
837 505 918 567 prere
933 497 1064 567 pereas
1086 507 1245 568 equarum

240 593 286 655 Et
301 597 403 673 paler
425 595 565 657 arraerrlr'
587 597 681 673 capto
704 594 862 672 ereptelar
883 594 1008 676 apello;

134 719 141 727 ’
241 700 315 779 Ipsr'
337 699 452 763 der'ade
476 700 572 776 lares,
594 701 625 762 sr‘
649 699 736 780 qaod
755 701 930 780 spectabile
950 702 1090 782 siquam.

85 908 88 914 «
198 866 248 932 Sic
269 869 462 934 Heinriohius
485 873 517 932 et
540 870 673 933 Orellius
702 870 800 932 locum
830 870 937 942 edunt;
970 855 1118 947 nannius,
1153 888 1245 952 quem

198 975 393 1039 Hermannus
416 976 561 1058 sequitur,
585 977 629 1039 sic
651 976 770 1039 scribit:

242 1160 325 1225 Iade
346 1160 527 1224 Dolabella
549 1165 647 1242 atque
669 1161 744 1225 blac
765 1162 941 1238 Ardeates,
963 1162 1039 1226 lade

244 1267 433 1350 Sacrileyas
462 1268 576 1332 Verres
598 1268 780 1352 referebant
801 1269 941 1333 auribus
963 1267 1042 1332 altr's

201 1440 271 1516 post
294 1436 398 1518 apelle
422 1446 461 1513 (v.
476 1441 550 1510 leel
563 1441 714 1502 commate
736 1437 843 1501 incidit
866 1440 898 1501 et
918 1457 972 1520 pro
995 1438 1152 1518 eripietur
1174 1436 1247 1501 sub-

204 1543 307 1606 stituit
336 1546 507 1625 err'pr'atrrr.
552 1545 727 1630 impertias,
750 1546 802 1626 qui
825 1564 930 1609 versus
952 1546 1057 1632 eodem
1079 1545 1249 1624 modoque

203 1649 397 1716 Heinrichius
410 1654 579 1734 distinguit,
602 1656 708 1716 contra
729 1652 867 1715 codicum
889 1670 1010 1716 suorum
1034 1650 1250 1716 auctoritatem

161 1840 165 1850 Ι
203 1757 367 1836 eripiatur
399 1761 430 1822 in
466 1765 550 1823 textu
584 1760 669 1841 ponit
706 1759 802 1839 »quod
836 1758 1011 1840 exquisitior
1043 1762 1091 1822 est
1126 1757 1246 1820 lectio«

203 1865 307 1939 Addit,
330 1865 609 1950 interpunctionem
636 1869 706 1948 post
734 1865 849 1929 Verres
878 1866 1034 1948 vulgarem
1057 1865 1105 1929 vel
1126 1862 1252 1926 retineri

203 1990 291 2052 posse
315 1974 362 2035 vel
391 1975 474 2048 tolli;
496 1976 569 2047 sed,
593 1973 710 2054 sipost
738 1972 853 2037 Verres
875 1973 1033 2047 inciditur,
1067 1970 1253 2034 cohaerentia

203 2082 266 2140 est:
289 2077 365 2143 biae
392 2080 583 2163 Dolabella,
618 2080 694 2143 lade
725 2080 910 2154 Antonias,
944 2078 1019 2142 blac
1055 2077 1172 2142 Verres
1205 2079 1253 2140 est

203 2184 400 2267 sacrilepas,
435 2190 604 2266 siminus,
638 2187 877 2251 esltltolleudum
913 2189 961 2249 est
995 2187 1253 2266 (v.105),quo

207 2291 287 2356 facto
316 2295 477 2358 cohaerent'
455 2299 499 2358 t1a
527 2298 601 2358 erit:
572 2294 728 2358 tIacle
755 2293 944 2370 Dolabella,
979 2293 1054 2357 brae
1075 2291 1253 2367 Antoniae,
1302 2326 1304 2331 ·

207 2399 286 2463 lade
307 2400 488 2482 saerilepas
518 2401 632 2466 Verres
659 2401 919 2485 reserebarrl‚et
951 2405 1079 2481 utraque
1113 2397 1255 2479 loquendi

207 2506 306 2569 forma
327 2526 395 2570 cum
419 2509 579 2572 luvenalis
601 2510 789 2573 dicendit
742 2513 789 2572 rat
790 2509 857 2572 ione
879 2507 924 2571 ita
945 2506 1146 2589 congruitu
1127 2505 1254 2569 utnul-

208 2612 272 2675 lum
288 2618 504 2696 argumentum
515 2617 552 2679 ad
576 2617 731 2680 meliorem
756 2615 981 2678 distinctionem
1005 2613 1180 2676 eliciendam
1203 2628 1263 2692 apr

206 2722 275 2782 tum
296 2721 366 2784 inde
390 2705 572 2806 'capipossit
610 2722 805 2786 Heinrichius
817 2722 998 2803 particulam
1010 2719 1086 2783 dade
1097 2738 1167 2782 cum
1179 2736 1255 2800 prae·

208 2828 326 2890 cedenti
336 2829 509 2891 divitiarum
524 2829 809 2892 commemoratione
817 2832 951 2910 Juagens
965 2825 1256 2910 eamdeiapinarum
1321 2848 1324 2854 ¹

208 2950 315 2996 caussa
348 2935 479 3019 positam
515 2955 580 3000 esse
613 2937 702 3009 dicit,
736 2952 826 3017 quam
860 2935 919 2999 loci
941 2934 1160 2997 enarrationem
1182 2931 1256 2995 Dal·

212 3039 311 3103 lenius
344 3041 499 3106 refutavit
543 3043 639 3106 Vetus
667 3043 855 3118 scholiastes,
889 3042 940 3123 qui
975 3043 1019 3105 sic
1050 3040 1142 3121 legit:
1174 3037 1259 3102 Iade

210 3145 388 3212 Dolabella
410 3154 508 3230 alque
530 3149 605 3213 blac
625 3151 802 3226 Artorius,
828 3148 905 3212 dade
927 3146 1115 3228 Saerllepus
1143 3144 1259 3209 Verres

212 3254 415 3337 referebant,
450 3258 486 3320 de
520 3255 617 3327 tribus
651 3257 867 3342 spoliatoribus
901 3257 932 3318 et
963 3255 1061 3318 tribus
1093 3250 1258 3338 provinciis

213 3365 332 3442 poetam
356 3365 438 3445 loqui
462 3364 554 3427 tradit
579 3364 629 3427 »hi
651 3381 756 3428 omnes
779 3363 876 3427 socios
906 3347 941 3426 ac
974 3360 1103 3424 maxime
1126 3358 1259 3439 Graecos,

211 3469 364 3534 Asiaticos
388 3474 419 3534 et
440 3469 558 3534 Siculos
580 3470 710 3534 fortunis
732 3465 870 3534 omnibus
893 3450 1107 3550 spoliaverunt.
1151 3466 1259 3530 Qan-

84 3599 87 3604 ·
213 3575 314 3640 tonius
344 3597 361 3640 a
390 3577 509 3641 Caesare
538 3580 726 3640 accusatus«
773 3579 831 3640 Pro
860 3577 918 3640 hoc
947 3575 980 3640 d.
1003 3573 1136 3638 Antonio
1157 3564 1260 3636 Hein-

210 3682 326 3746 richius
352 3683 396 3749 Μ.
420 3683 589 3748 Antonium
613 3683 780 3758 Creticum,
806 3683 952 3747 »oratoris
974 3681 1087 3756 filium,
1109 3677 1262 3743 triumviri
1310 3715 1312 3718 ⁴

214 3792 341 3870 patrem,
364 3790 577 3854 avarissimum
592 3792 756 3868 hominem,
780 3789 913 3854 Siciliam
927 3788 1162 3874 depopulatum&
1188 3785 1261 3850 sub·

215 3897 329 3986 stituit.
385 3897 651 3979 simplicissimam
678 3899 737 3962 loci
770 3895 927 3961 enarrandi
961 3895 1042 3958 viam
1069 3897 1149 3957 certe
1172 3893 1261 3956 scho-

211 4002 319 4068 liastes
345 4004 501 4087 ingressus
524 4007 586 4086 est,
608 4024 680 4069 nam
693 4005 740 4069 *ob
761 4005 880 4067 hiatum
902 4008 993 4085 atque
1016 4001 1140 4085 syllabae
1162 3999 1263 4064 brevis
