2694 4582
157 287 218 349 138
598 281 639 333 De
659 280 764 349 ellipsi.

152 485 360 550 insolentioris
394 484 534 566 asyndeti
566 484 668 564 potins
705 502 795 564 quam
835 483 1007 548 omissionis
1045 484 1202 565 particulae

154 592 368 657 condicionalis
387 592 676 672 exemplumerrstat.
720 590 812 653 Multi
835 591 890 654 hos
913 609 1019 654 versus
1041 591 1202 654 emendare

155 700 257 764 cenati
280 703 367 762 sunt:
413 697 578 778 Rupertius
609 697 700 760 verba
732 696 928 778 simplicitas
962 699 1087 762 naenia
1116 698 1203 764 uncis

154 807 334 870 includenda
356 823 422 869 esse
453 807 571 879 censet;
605 803 658 866 alii
687 807 791 866 contra
819 805 910 868 metri
941 805 1099 882 rationem,
1133 825 1201 886 quaa

155 914 235 995 apud
254 913 436 977 ,Iuvenalem
458 912 490 974 in
512 911 573 975 arsi
595 910 684 992 primi
706 911 792 991 pedis
815 912 972 975 elisionem
994 930 1055 976 non
1077 911 1202 994 patitur,

155 1023 226 1084 ante
239 1019 302 1082 Est
323 1004 506 1100 particulam
528 1018 559 1080 si
576 1018 722 1093 inserunt,
745 1018 797 1081 alii
808 1019 889 1082 inter
899 1020 1021 1082 uxoria
1032 1021 1063 1082 et
1074 1018 1203 1082 deditus

154 1127 352 1209 interponunt
374 1145 421 1199 ac,
445 1125 638 1188 Heinrichius
661 1125 806 1206 denique:
852 1125 891 1189 Si
913 1126 973 1189 titi
994 1124 1201 1206 simplicitate,

155 1236 186 1297 si
207 1235 306 1297 uxori
331 1232 459 1296 deditus
489 1232 550 1294 nei
581 1231 744 1314 legendum
772 1250 840 1296 esse
862 1232 967 1298 credit,
1011 1233 1202 1307 Lucullanae,

155 1361 222 1423 qnae
246 1343 334 1404 sunt:
358 1340 457 1403 amnis
472 1339 603 1418 uxorius,
626 1339 728 1401 uxoria
752 1339 894 1414 condicio,
918 1340 1040 1404 uxorius
1060 1339 1202 1414 ambitus,

154 1449 292 1512 uxorium
305 1448 522 1522 levamentum,
545 1445 711 1520 conferens
727 1445 952 1527 simplicitatem
966 1447 1102 1511 uxoriam
1113 1448 1203 1510 modo

154 1555 382 1636 simplicitatem
417 1552 547 1616 hominis
570 1554 654 1615 uxori
684 1553 802 1616 obnoxii
824 1554 994 1635 significare
1017 1572 1107 1639 posse
1130 1573 1202 1617 con-

155 1664 262 1739 tendit,
296 1664 354 1725 hoc
384 1663 488 1724 autem
517 1660 590 1722 dure
613 1659 672 1722 dici
696 1660 842 1724 concedit.
888 1659 1074 1742 Simplicitas
1097 1663 1202 1723 autem

154 1770 259 1833 uxoria
286 1770 343 1832 hoc
376 1768 441 1830 loco
475 1771 529 1858 est
550 1765 740 1847 simplicitas,
774 1786 842 1848 quae
875 1768 911 1829 de
944 1785 1035 1830 uxore
1068 1768 1204 1830 ducenda

156 1877 293 1958 cogitare
315 1876 412 1956 possit
434 1874 483 1936 vel
504 1872 706 1946 matrimonio,
729 1875 807 1954 quod
824 1877 914 1954 poeta
932 1874 1203 1956 virograviieren-

154 1983 228 2046 dum
251 2001 317 2045 esse
340 1984 439 2062 negat,
461 1980 593 2043 ineundo
616 1981 686 2060 apta
708 1979 757 2043 sit.

240 2090 291 2165 Hi,
319 2105 394 2169 quos
423 2087 641 2168 congessimus,
675 2087 733 2150 loci
755 2087 879 2169 regulae,
913 2107 1004 2169 quam
1026 2088 1201 2170 Madvigius
1242 2129 1244 2132 -

154 2196 319 2282 proposuit,
342 2195 555 2278 obtemperant
565 2193 596 2270 l)‚
620 2194 670 2258 sed
696 2196 811 2257 restant
833 2195 900 2271 duo,
923 2195 974 2275 qui
997 2194 1034 2258 ab
1056 2213 1092 2258 ea
1106 2195 1201 2258 decli-

153 2321 224 2367 nare
248 2303 414 2366 videantur.
462 2302 498 2364 In
510 2301 603 2364 satira
615 2301 695 2374 XIV,
719 2301 771 2363 ubi
794 2303 884 2382 poeta
901 2301 1051 2365 insaniam
1067 2301 1199 2366 divitum

154 2411 348 2473 decoctorum
370 2409 517 2490 depingit,
541 2427 568 2470 a.
592 2428 620 2470 v.
648 2412 709 2474 140
729 2407 763 2470 hi
785 2428 889 2473 versus
911 2409 1070 2490 leguntur:

819 2576 909 2659 Erpo
926 2575 1077 2658 paratur

238 2685 355 2750 Altero
376 2683 459 2748 viiia
481 2684 549 2762 tibi,
573 2705 672 2765 quum
694 2704 753 2748 rus
774 2705 841 2750 non
863 2685 985 2770 sufficit
1005 2706 1117 2763 unum,

178 3037 202 3101 ¹)
221 3035 305 3102 Apud
331 3037 458 3090 Persium
489 3037 551 3089 haec
581 3034 730 3101 particulae
764 3034 970 3087 condicionalis
1003 3035 1122 3087 omissio
1154 3030 1198 3087 bis

220 3120 375 3174 invenitur:
410 3121 443 3188 V,
461 3121 496 3176 78
524 3119 627 3171 Venerit
651 3119 711 3168 tnnc
733 3117 849 3184 dominae,
877 3127 988 3169 momento
1015 3119 1126 3184 conparis
1150 3119 1200 3168 exit

220 3206 321 3256 Marcus
330 3207 426 3270 Dama3
445 3204 478 3267 V,
499 3205 548 3260 189
565 3204 668 3254 Dixeris
686 3204 735 3252 toec
752 3205 812 3252 inter
829 3204 950 3253 varicosos
959 3203 1115 3266 centuriones,
1140 3201 1197 3253 coo-

220 3293 283 3340 a'neo
309 3289 384 3355 ridet,
418 3288 545 3342 crebrius
569 3286 645 3353 apud
663 3286 826 3340 Horatium:
864 3287 921 3339 Sat.
940 3286 976 3348 II,
996 3288 1022 3351 7,
1042 3288 1076 3341 32
1093 3271 1200 3336 Jossen'i

219 3374 255 3424 ad
270 3392 295 3424 se
313 3374 435 3424 Maecenas
521 3373 642 3432 buccam
668 3370 705 3437 ΙΙ,
724 3371 749 3436 6,
768 3373 802 3427 39
819 3372 931 3438 Dixeris,
959 3371 1080 3436 experiar,
1109 3371 1133 3420 ai
1152 3371 1198 3436 via,

215 3469 290 3524 poree,
317 3458 387 3509 addit
409 3467 431 3508 er
452 3459 539 3525 instat3
568 3455 740 3522 singularem
770 3470 835 3509 vero
863 3456 982 3508 formam
1010 3453 1068 3507 loci
1086 3453 1198 3507 Horatii

217 3542 354 3611 praebent,
383 3542 431 3607 qui
450 3546 526 3593 sunt:
564 3540 624 3594 Sat.
649 3540 684 3600 ΙΙ,
709 3544 734 3605 5,
759 3541 791 3595 10
814 3540 910 3592 Turdus
934 3542 984 3590 sive
1011 3538 1083 3589 alind
1102 3539 1199 3603 privum

218 3627 316 3677 dabitur
333 3627 385 3692 tibi,
404 3625 496 3690 develet
512 3625 583 3690 ilium
602 3625 637 3684 ΙΙ,
655 3628 680 3691 8,
701 3627 732 3681 16
750 3625 869 3676 Attanum
878 3626 928 3675 eive
936 3624 1065 3674 Falernum
1083 3631 1105 3672 te
1122 3623 1200 3688 maqie

218 3711 336 3776 appositis
346 3709 453 3775 deiectat,
472 3710 583 3760 dabamus
595 3719 725 3774 utrumqne.
760 3707 906 3774 Virgilius,
925 3707 972 3772 qui
991 3707 1019 3759 in
1039 3705 1116 3757 brevi
1135 3719 1198 3758 sen-

218 3794 306 3848 tentia
324 3793 424 3845 mediae
444 3793 566 3846 orationi
584 3794 757 3860 interposita
774 3792 942 3860 particulam
960 3790 1065 3856 saepius
1083 3789 1197 3855 omittit,

217 3877 306 3946 priori
324 3877 420 3930 formae
439 3894 494 3930 non
513 3877 616 3930 favisse
635 3876 758 3941 videtur3
779 3875 895 3928 Ovidius
915 3890 976 3928 eam
994 3888 1070 3941 saepe
1082 3873 1199 3928 adhibet

218 3969 249 4014 ut
267 3966 296 4015 in
314 3963 429 4015 Metam.
449 3961 523 4026 XIV,
541 3962 606 4016 650:
624 3961 744 4011 Joduerat
761 3961 854 4026 scalas,
874 3960 987 4009 lecturum
1001 3976 1075 4024 poma
1089 3968 1197 4025 patarea,

218 4047 354 4099 Horatius
375 4052 467 4099 autem
487 4061 548 4099 eam
567 4049 643 4097 amat
662 4043 711 4098 cir.
730 4044 825 4112 Epist.
845 4043 866 4096 1.
885 4046 909 4110 1,
928 4045 961 4099 87
981 4057 1021 4108 sq.
1040 4043 1083 4108 35,
1103 4043 1151 4108 36;
1169 4043 1195 4105 6,

217 4133 259 4197 31,
279 4130 338 4184 Sat.
358 4130 394 4197 ΙΙ,
414 4131 439 4197 3,
457 4132 521 4198 2923
541 4134 565 4195 5,
583 4131 626 4185 96.
