2694 4582
200 279 241 340 44
481 275 522 326 De
542 275 676 327 liberiore
696 275 843 328 verborum
866 275 969 343 positu.

246 478 315 542 Nec
338 479 446 561 ctppen
474 479 657 545 Gracchum
672 482 877 560 papnuntem
900 483 959 542 unt
972 479 1063 562 falce
1084 483 1216 562 supina,

137 624 139 628 ι
243 586 395 651 Damnat
418 589 504 651 enim
526 579 609 652 tates
631 587 771 665 bubitns,
798 591 828 650 ct
850 587 987 651 damnat
1009 592 1039 653 et
1061 590 1137 660 odit,

244 695 313 758 Nec
334 694 431 777 putea
445 695 570 779 faciem
592 695 781 773 abscondit;
803 701 906 771 mouet
927 715 995 761 eece
1018 697 1198 768 tridentem,

245 801 427 886 Postquam
450 804 572 868 libratu
588 803 769 884 pendentia
791 805 875 866 retia
897 804 1013 868 dentre

244 911 474 994 Nequidqnum
497 912 619 994 effudit,
644 911 766 974 nndnm
790 911 835 974 ad
855 911 1041 992 spectacula
1061 912 1188 976 unitum

244 1018 360 1099 Eripit
382 1023 412 1083 et
435 1023 503 1083 totu
517 1019 612 1103 sapit
634 1019 859 1101 opnoscendns
881 1040 993 1083 arena.

249 1126 429 1190 Credamus
452 1129 577 1205 tunicae,
603 1128 641 1190 dc
654 1127 812 1210 saucibus
835 1148 939 1190 nnreu
962 1118 1059 1210 annm
1080 1146 1115 1190 se
1193 1109 1196 1115 ⁵

244 1233 403 1314 Porriput
425 1238 454 1298 et
478 1233 572 1316 icnpo
588 1236 734 1316 jaetctnr
756 1236 849 1315 spira
870 1234 991 1315 putero.

201 1342 276 1404 Post
290 1342 459 1406 tridentem
470 1343 510 1424 (v.
520 1346 595 1426 203)
607 1343 801 1407 Hermannus
814 1346 844 1406 et
854 1344 949 1424 ponit,
967 1361 1056 1424 quam
1070 1341 1252 1423 particulam

201 1467 302 1530 neque
324 1451 414 1513 metri
438 1469 533 1530 neque
554 1450 614 1514 loci
644 1452 720 1516 ratio
750 1450 895 1514 admittit.
944 1450 1095 1513 Particula
1117 1450 1199 1512 enim
1222 1453 1252 1514 et

201 1574 323 1619 versum
336 1557 481 1620 claudens
497 1558 653 1621 elisionem
665 1562 735 1622 unte
749 1577 780 1622 se
793 1558 908 1638 respuit
920 1557 1125 1638 (Hermannus
1138 1557 1250 1639 saepius

201 1681 308 1727 vocem
321 1666 558 1745 monosyllabum
575 1677 679 1729 contra
693 1653 784 1728 metri
796 1665 944 1727 rationem
958 1665 1113 1739 interserit
1124 1664 1250 1741 ofr.VlI‚

202 1774 251 1844 88,
265 1771 354 1854 XIII,
362 1773 424 1852 12).
448 1792 543 1854 neque
564 1775 719 1854 sequentia
742 1772 832 1835 verba
854 1771 978 1835 undrim
998 1771 1043 1834 ed
1063 1772 1250 1852 spectacula

200 1877 325 1941 unitam
357 1879 470 1962 Eripit
502 1881 651 1962 particula
685 1880 857 1961 copulat-ivn
890 1880 1014 1943 vocibus
1046 1884 1149 1944 mouet
1181 1899 1250 1944 ecce

202 1985 371 2050 tridentem
394 1995 462 2070 apte
486 1989 691 2071 adjunguntur
712 1991 829 2059 (nicea
851 2007 918 2050 ecce
940 1987 1110 2051 tridentem
1133 1992 1162 2052 et
1184 1992 1251 2053 rete

200 2093 362 2175 effundit),
387 2097 438 2159 sed
463 2099 551 2176 poeta
573 2097 629 2158 hoc
654 2095 728 2169 loeo,
752 2099 787 2158 ut
810 2096 930 2176 saepius,
954 2097 1097 2160 orationis
1120 2098 1250 2160 formam

195 2195 338 2283 'paullum
361 2204 543 2266 immutavit.
584 2202 679 2266 Voces
702 2204 800 2265 mouit
824 2223 891 2266 eece
913 2203 1083 2269 tridentem
1105 2204 1251 2268 lectorem

202 2327 360 2373 amorum
378 2314 409 2373 et
423 2310 551 2374 Gracchi
575 2311 774 2391 descriptione
799 2313 836 2374 ad
858 2311 954 2392 ipsam
977 2329 1100 2374 arenam
1124 2316 1154 2373 et
1176 2330 1254 2393 pug-

85 2460 88 2466 ·
200 2434 272 2479 nam
295 2417 488 2498 incipientem
514 2417 611 2482 vivide
640 2423 783 2492 avocant3
819 2419 910 2481 verba
943 2420 1100 2500 sequentia
1123 2418 1253 2482 Gracchi

181 2527 270 2604 'post
291 2528 354 2588 rete
378 2525 491 2592 frustra
512 2527 630 2611 jactum
655 2526 756 2608 fugam
776 2526 966 2615 describuut;
990 2527 1053 2608 ipse
1066 2526 1252 2608 retisjaotus

201 2649 260 2694 non
282 2633 543 2696 commemoratur.
575 2633 664 2696 Minae
687 2637 789 2698 autem
813 2653 963 2709 versuum,
987 2635 1037 2715 qui
1062 2636 1149 2696 suut:
1177 2631 1262 2696 Ore·

202 2737 318 2802 dnmns
341 2742 469 2812 tnm'cce,
504 2739 541 2804 de
555 2739 714 2822 sancitus
737 2761 839 2804 aaran
862 2761 959 2823 qnnm
982 2760 1016 2804 se
1038 2760 1103 2823 sqq.
1127 2759 1252 2804 enarra-

202 2845 301 2910 tiones
324 2867 418 2929 usque
442 2867 460 2911 a
481 2852 582 2913 vetere
610 2848 772 2911 scholiasta
804 2849 841 2910 ad
865 2850 1047 2912 recentiores
1068 2831 1252 2930 interpretes

202 2954 359 3036 leguntur,
383 2956 500 3037 quibus,
535 2956 706 3018 Heinrichii
729 2957 918 3018 enarratione
939 2956 1063 3038 prolata,
1098 2974 1194 3036 quum
1216 2973 1252 3018 11

203 3063 310 3125 eodem
333 3063 416 3126 fonte
439 3067 561 3127 manent
583 3067 613 3126 11
635 3063 829 3142 iisdemfere
853 3063 1003 3126 erroribus
1023 3061 1156 3126 obnoxiae
1180 3062 1251 3138 sint,

204 3172 400 3251 supersedere
424 3191 471 3234 me
496 3190 584 3253 posse
607 3171 743 3234 arbitror.
800 3171 837 3232 ll.
861 3171 960 3234 locum
984 3172 1028 3235 sic
1051 3171 1252 3234 enarrandum

204 3295 269 3341 esse
282 3277 370 3341 dicit:
394 3299 491 3362 qnam
507 3299 609 3342 nnrca
632 3279 744 3342 tunica
765 3298 799 3342 se
822 3278 859 3342 de
873 3277 1031 3360 fontibus
1040 3278 1205 3358 perrepunt,
1221 3279 1252 3340 et

207 3404 310 3449 aurea
332 3388 426 3466 spira
449 3386 543 3468 ionpe
570 3386 681 3468 putero
704 3387 861 3468 jaddun·
888 3387 1080 3470 adjectivum,
1103 3384 1182 3467 quod
1205 3386 1253 3448 est

204 3513 315 3568 aaran,
335 3495 371 3557 ad
385 3501 548 3575 utrumque
572 3495 741 3577 subjectum
758 3497 906 3576 pertinere
923 3499 954 3558 et
966 3497 996 3558 in
1009 3495 1103 3565 ¹altero
1115 3493 1251 3583 membro

207 3601 390 3664 audiendum
413 3619 478 3664 esse
495 3603 657 3666 contendit.
701 3603 784 3681 Quod
808 3602 979 3666 ullomodo
1003 3601 1067 3666 lieri
1088 3620 1175 3682 posse
1199 3618 1252 3682 pro

205 3713 287 3772 certo
323 3710 512 3788 negaverim
545 3729 579 3772 11
613 3711 651 3773 111
688 3711 777 3784 enim,
812 3730 879 3791 quae
915 3728 1007 3793 supra
1033 3711 1252 3792 adjectivorum

208 3819 240 3877 et
273 3815 531 3880 substantivorum
566 3818 597 3880 in
631 3817 782 3881 similibus
816 3819 975 3883 sententiis
1003 3817 1249 3881 distributionem

204 3926 371 3986 tractantes
394 3924 526 3986 diximus
549 3929 580 3988 et
603 3926 748 4007 exemplis
771 3926 896 4007 prolatis
918 3926 1119 4007 probavimus.
1150 3925 1250 4008 adjec-

100 4084 107 4097 .
204 4029 299 4094 tivum
323 4050 426 4097 enred
449 4033 537 4094 modo
560 4033 597 4095 ad
616 4033 847 4108 substantivum,
871 4034 1121 4114 quodestspira,
1144 4034 1250 4099 referri

202 4156 291 4220 posse
314 4144 457 4220 apparet;
492 4140 618 4221 simplex
649 4141 729 4204 enim
758 4141 836 4204 illud
858 4141 998 4221 loquendi
1032 4161 1136 4223 genus,
1171 4143 1251 4224 quod
