<?xml version="1.0" encoding="UTF-8"?>
<!DOCTYPE html PUBLIC "-//W3C//DTD XHTML 1.0 Transitional//EN"
    "http://www.w3.org/TR/xhtml1/DTD/xhtml1-transitional.dtd">
<html xmlns="http://www.w3.org/1999/xhtml" xml:lang="en" lang="en">
 <head>
  <title>
</title>
<meta http-equiv="Content-Type" content="text/html;charset=utf-8" />
  <meta name='ocr-system' content='tesseract 3.04.00' />
  <meta name='ocr-capabilities' content='ocr_page ocr_carea ocr_par ocr_line ocrx_word'/>
</head>
<body>
  <div class='ocr_page' id='page_1' title='image "./sermonemdjuniij00kigoog_0078.png"; bbox 0 0 2694 4582; ppageno 0'>
   <div class='ocr_carea' id='block_1_1' title="bbox 452 266 1200 333">
    <p class='ocr_par' dir='ltr' id='par_1_1' title="bbox 452 266 1200 333">
     <span class='ocr_line' id='line_1_1' title="bbox 452 266 1200 333; baseline 0.012 -15"><span class='ocrx_word' id='word_1_1' title='bbox 452 266 494 318; x_wconf 80' lang='lat' dir='ltr'>Ile</span> <span class='ocrx_word' id='word_1_2' title='bbox 513 266 661 332; x_wconf 83' lang='lat' dir='ltr'><strong>particulis</strong></span> <span class='ocrx_word' id='word_1_3' title='bbox 680 266 858 333; x_wconf 87' lang='lat' dir='ltr'>copulativis.</span> <span class='ocrx_word' id='word_1_4' title='bbox 1133 271 1171 333; x_wconf 76' lang='grc'>67</span> <span class='ocrx_word' id='word_1_5' title='bbox 1197 267 1200 273; x_wconf 64' lang='grc'><strong><em>’</em></strong></span> 
     </span>
    </p>
   </div>
   <div class='ocr_carea' id='block_1_2' title="bbox 113 452 1175 1195">
    <p class='ocr_par' dir='ltr' id='par_1_2' title="bbox 113 452 1175 1195">
     <span class='ocr_line' id='line_1_2' title="bbox 128 452 1173 552; baseline 0.001 -20"><span class='ocrx_word' id='word_1_6' title='bbox 128 470 180 532; x_wconf 92' lang='lat' dir='ltr'>ubi</span> <span class='ocrx_word' id='word_1_7' title='bbox 201 471 337 533; x_wconf 79' lang='lat' dir='ltr'>mutatis</span> <span class='ocrx_word' id='word_1_8' title='bbox 359 452 423 534; x_wconf 85' lang='lat' dir='ltr'>sine</span> <span class='ocrx_word' id='word_1_9' title='bbox 446 470 536 534; x_wconf 88' lang='lat' dir='ltr'>dubio</span> <span class='ocrx_word' id='word_1_10' title='bbox 558 470 594 532; x_wconf 89' lang='lat' dir='ltr'>ad</span> <span class='ocrx_word' id='word_1_11' title='bbox 618 469 849 545; x_wconf 84' lang='lat' dir='ltr'>substantivum,</span> <span class='ocrx_word' id='word_1_12' title='bbox 870 472 948 552; x_wconf 91' lang='lat' dir='ltr'>quod</span> <span class='ocrx_word' id='word_1_13' title='bbox 972 477 1018 534; x_wconf 90' lang='lat' dir='ltr'>est</span> <span class='ocrx_word' id='word_1_14' title='bbox 1039 470 1173 534; x_wconf 79' lang='lat' dir='ltr'>medico-</span> 
     </span>
     <span class='ocr_line' id='line_1_3' title="bbox 128 577 1173 660; baseline 0 -20"><span class='ocrx_word' id='word_1_15' title='bbox 128 577 277 652; x_wconf 81' lang='lat' dir='ltr'>mt&#39;ue‘dus,</span> <span class='ocrx_word' id='word_1_16' title='bbox 307 578 500 642; x_wconf 88' lang='lat' dir='ltr'>referendum</span> <span class='ocrx_word' id='word_1_17' title='bbox 523 581 577 651; x_wconf 85' lang='lat' dir='ltr'>est,</span> <span class='ocrx_word' id='word_1_18' title='bbox 614 581 645 640; x_wconf 88' lang='lat' dir='ltr'>et</span> <span class='ocrx_word' id='word_1_19' title='bbox 668 577 777 641; x_wconf 87' lang='lat' dir='ltr'>similis</span> <span class='ocrx_word' id='word_1_20' title='bbox 800 578 958 641; x_wconf 90' lang='lat' dir='ltr'>verborum</span> <span class='ocrx_word' id='word_1_21' title='bbox 983 579 1100 660; x_wconf 89' lang='lat' dir='ltr'>positus</span> <span class='ocrx_word' id='word_1_22' title='bbox 1123 597 1173 640; x_wconf 83' lang='lat' dir='ltr'>ex-</span> 
     </span>
     <span class='ocr_line' id='line_1_4' title="bbox 128 684 1175 767; baseline 0.002 -19"><span class='ocrx_word' id='word_1_23' title='bbox 128 687 190 748; x_wconf 87' lang='lat' dir='ltr'>stat</span> <span class='ocrx_word' id='word_1_24' title='bbox 211 692 301 766; x_wconf 91' lang='lat' dir='ltr'>atque</span> <span class='ocrx_word' id='word_1_25' title='bbox 319 685 377 748; x_wconf 92' lang='lat' dir='ltr'>hoc</span> <span class='ocrx_word' id='word_1_26' title='bbox 396 686 462 750; x_wconf 90' lang='lat' dir='ltr'>loco</span> <span class='ocrx_word' id='word_1_27' title='bbox 477 685 548 767; x_wconf 76' lang='lat' dir='ltr'>(lli,</span> <span class='ocrx_word' id='word_1_28' title='bbox 561 686 649 764; x_wconf 82' lang='lat' dir='ltr'>2ll):</span> <span class='ocrx_word' id='word_1_29' title='bbox 677 684 804 764; x_wconf 76' lang='lat' dir='ltr'>Quanto</span> <span class='ocrx_word' id='word_1_30' title='bbox 821 704 1014 765; x_wconf 80' lang='lat' dir='ltr'>percussum</span> <span class='ocrx_word' id='word_1_31' title='bbox 1029 685 1175 766; x_wconf 81' lang='lat' dir='ltr'>pondere</span> 
     </span>
     <span class='ocr_line' id='line_1_5' title="bbox 127 791 1172 875; baseline 0.002 -21"><span class='ocrx_word' id='word_1_32' title='bbox 127 793 256 874; x_wconf 73' lang='lat' dir='ltr'>separent</span> <span class='ocrx_word' id='word_1_33' title='bbox 278 795 308 855; x_wconf 91' lang='lat' dir='ltr'>et</span> <span class='ocrx_word' id='word_1_34' title='bbox 330 791 452 855; x_wconf 67' lang='lat' dir='ltr'>laedant</span> <span class='ocrx_word' id='word_1_35' title='bbox 467 791 608 856; x_wconf 78' lang='lat' dir='ltr'>silicem.</span> <span class='ocrx_word' id='word_1_36' title='bbox 653 791 845 873; x_wconf 81' lang='lat' dir='ltr'>Quamquam</span> <span class='ocrx_word' id='word_1_37' title='bbox 879 793 960 855; x_wconf 90' lang='lat' dir='ltr'>enim</span> <span class='ocrx_word' id='word_1_38' title='bbox 994 797 1082 875; x_wconf 88' lang='lat' dir='ltr'>poeta</span> <span class='ocrx_word' id='word_1_39' title='bbox 1115 811 1172 856; x_wconf 91' lang='lat' dir='ltr'>non</span> 
     </span>
     <span class='ocr_line' id='line_1_6' title="bbox 113 898 1174 980; baseline 0.001 -19"><span class='ocrx_word' id='word_1_40' title='bbox 113 917 195 964; x_wconf 86' lang='lat' dir='ltr'>raro</span> <span class='ocrx_word' id='word_1_41' title='bbox 217 901 291 964; x_wconf 89' lang='lat' dir='ltr'>duas</span> <span class='ocrx_word' id='word_1_42' title='bbox 314 901 483 964; x_wconf 88' lang='lat' dir='ltr'>sententias</span> <span class='ocrx_word' id='word_1_43' title='bbox 505 901 549 962; x_wconf 87' lang='lat' dir='ltr'>ita</span> <span class='ocrx_word' id='word_1_44' title='bbox 566 899 680 980; x_wconf 77' lang='lat' dir='ltr'>jungit,</span> <span class='ocrx_word' id='word_1_45' title='bbox 712 903 746 962; x_wconf 93' lang='lat' dir='ltr'>ut</span> <span class='ocrx_word' id='word_1_46' title='bbox 769 900 944 980; x_wconf 79' lang='lat' dir='ltr'>particulam</span> <span class='ocrx_word' id='word_1_47' title='bbox 969 898 1174 980; x_wconf 79' lang='lat' dir='ltr'>copulativam</span> 
     </span>
     <span class='ocr_line' id='line_1_7' title="bbox 128 1007 1173 1087; baseline 0.001 -17"><span class='ocrx_word' id='word_1_48' title='bbox 128 1008 207 1070; x_wconf 86' lang='lat' dir='ltr'>inter</span> <span class='ocrx_word' id='word_1_49' title='bbox 229 1007 320 1070; x_wconf 91' lang='lat' dir='ltr'>verba</span> <span class='ocrx_word' id='word_1_50' title='bbox 343 1008 566 1070; x_wconf 85' lang='lat' dir='ltr'>sententiarum</span> <span class='ocrx_word' id='word_1_51' title='bbox 588 1007 768 1087; x_wconf 77' lang='lat' dir='ltr'>interponat,</span> <span class='ocrx_word' id='word_1_52' title='bbox 802 1009 858 1071; x_wconf 89' lang='lat' dir='ltr'>hoc</span> <span class='ocrx_word' id='word_1_53' title='bbox 885 1011 988 1071; x_wconf 90' lang='lat' dir='ltr'>tamen</span> <span class='ocrx_word' id='word_1_54' title='bbox 1017 1007 1056 1071; x_wconf 91' lang='lat' dir='ltr'>iis</span> <span class='ocrx_word' id='word_1_55' title='bbox 1086 1008 1173 1071; x_wconf 91' lang='lat' dir='ltr'>modo</span> 
     </span>
     <span class='ocr_line' id='line_1_8' title="bbox 126 1113 1174 1195; baseline 0.003 -18"><span class='ocrx_word' id='word_1_56' title='bbox 126 1115 200 1179; x_wconf 92' lang='lat' dir='ltr'>locis</span> <span class='ocrx_word' id='word_1_57' title='bbox 222 1114 289 1177; x_wconf 84' lang='lat' dir='ltr'>fieri</span> <span class='ocrx_word' id='word_1_58' title='bbox 310 1114 401 1191; x_wconf 90' lang='lat' dir='ltr'>solet,</span> <span class='ocrx_word' id='word_1_59' title='bbox 434 1114 485 1177; x_wconf 92' lang='lat' dir='ltr'>ubi</span> <span class='ocrx_word' id='word_1_60' title='bbox 520 1133 632 1177; x_wconf 89' lang='lat' dir='ltr'>novum</span> <span class='ocrx_word' id='word_1_61' title='bbox 665 1113 836 1195; x_wconf 91' lang='lat' dir='ltr'>subjectum</span> <span class='ocrx_word' id='word_1_62' title='bbox 869 1115 1001 1179; x_wconf 89' lang='lat' dir='ltr'>accedit:</span> <span class='ocrx_word' id='word_1_63' title='bbox 1035 1114 1174 1189; x_wconf 80' lang='lat' dir='ltr'>Vlll‚58</span> 
     </span>
    </p>
   </div>
   <div class='ocr_carea' id='block_1_3' title="bbox 1058 1223 1070 1261">
    <p class='ocr_par' dir='ltr' id='par_1_3' title="bbox 1058 1223 1070 1261">
     <span class='ocr_line' id='line_1_9' title="bbox 1065 1223 1070 1234; baseline 0 0"><span class='ocrx_word' id='word_1_64' title='bbox 1065 1223 1070 1234; x_wconf 71' lang='lat' dir='ltr'><strong>t</strong></span> 
     </span>
     <span class='ocr_line' id='line_1_10' title="bbox 1058 1251 1061 1261; baseline 0 0"><span class='ocrx_word' id='word_1_65' title='bbox 1058 1251 1061 1261; x_wconf 80' lang='lat' dir='ltr'>r</span> 
     </span>
    </p>
   </div>
   <div class='ocr_carea' id='block_1_4' title="bbox 132 1219 1284 1301">
    <p class='ocr_par' dir='ltr' id='par_1_4' title="bbox 132 1219 1284 1301">
     <span class='ocr_line' id='line_1_11' title="bbox 132 1219 1284 1301; baseline -0.003 -15"><span class='ocrx_word' id='word_1_66' title='bbox 132 1219 194 1286; x_wconf 79' lang='lat' dir='ltr'>Cui</span> <span class='ocrx_word' id='word_1_67' title='bbox 221 1220 371 1301; x_wconf 77' lang='lat' dir='ltr'>plurima</span> <span class='ocrx_word' id='word_1_68' title='bbox 399 1220 516 1301; x_wconf 82' lang='lat' dir='ltr'>pulmo</span> <span class='ocrx_word' id='word_1_69' title='bbox 539 1220 656 1284; x_wconf 78' lang='lat' dir='ltr'><strong><em>Fervet</em></strong></span> <span class='ocrx_word' id='word_1_70' title='bbox 689 1225 718 1284; x_wconf 86' lang='lat' dir='ltr'>ct</span> <span class='ocrx_word' id='word_1_71' title='bbox 747 1221 871 1284; x_wconf 77' lang='lat' dir='ltr'>exaltat</span> <span class='ocrx_word' id='word_1_72' title='bbox 904 1242 1002 1286; x_wconf 83' lang='lat' dir='ltr'>rauco</span> <span class='ocrx_word' id='word_1_73' title='bbox 1038 1223 1175 1285; x_wconf 80' lang='lat' dir='ltr'>cartorio</span> <span class='ocrx_word' id='word_1_74' title='bbox 1281 1294 1284 1299; x_wconf 39' lang='grc'><strong>,</strong></span> 
     </span>
    </p>
   </div>
   <div class='ocr_carea' id='block_1_5' title="bbox 127 1328 1175 1627">
    <p class='ocr_par' dir='ltr' id='par_1_5' title="bbox 127 1328 1175 1627">
     <span class='ocr_line' id='line_1_12' title="bbox 128 1328 1175 1412; baseline 0 -20"><span class='ocrx_word' id='word_1_75' title='bbox 128 1329 211 1392; x_wconf 78' lang='lat' dir='ltr'>circo</span> <span class='ocrx_word' id='word_1_76' title='bbox 234 1328 289 1392; x_wconf 86' lang='lat' dir='ltr'>cfr.</span> <span class='ocrx_word' id='word_1_77' title='bbox 312 1329 367 1401; x_wconf 81' lang='lat' dir='ltr'>XI,</span> <span class='ocrx_word' id='word_1_78' title='bbox 392 1333 441 1400; x_wconf 78' lang='lat' dir='ltr'>tl,</span> <span class='ocrx_word' id='word_1_79' title='bbox 466 1332 497 1392; x_wconf 86' lang='lat' dir='ltr'>et</span> <span class='ocrx_word' id='word_1_80' title='bbox 519 1330 667 1410; x_wconf 88' lang='lat' dir='ltr'>particula</span> <span class='ocrx_word' id='word_1_81' title='bbox 689 1332 785 1408; x_wconf 83' lang='lat' dir='ltr'>atque</span> <span class='ocrx_word' id='word_1_82' title='bbox 808 1348 843 1392; x_wconf 92' lang='lat' dir='ltr'>eo</span> <span class='ocrx_word' id='word_1_83' title='bbox 864 1349 967 1394; x_wconf 89' lang='lat' dir='ltr'>versus</span> <span class='ocrx_word' id='word_1_84' title='bbox 989 1331 1055 1394; x_wconf 87' lang='lat' dir='ltr'>loco</span> <span class='ocrx_word' id='word_1_85' title='bbox 1076 1331 1175 1412; x_wconf 85' lang='lat' dir='ltr'>posita</span> 
     </span>
     <span class='ocr_line' id='line_1_13' title="bbox 129 1431 1173 1520; baseline 0.002 -21"><span class='ocrx_word' id='word_1_86' title='bbox 129 1431 202 1501; x_wconf 87' lang='lat' dir='ltr'>duas</span> <span class='ocrx_word' id='word_1_87' title='bbox 225 1437 359 1501; x_wconf 88' lang='lat' dir='ltr'>eiusdem</span> <span class='ocrx_word' id='word_1_88' title='bbox 385 1435 448 1498; x_wconf 88' lang='lat' dir='ltr'>fere</span> <span class='ocrx_word' id='word_1_89' title='bbox 473 1436 704 1517; x_wconf 86' lang='lat' dir='ltr'>significationis</span> <span class='ocrx_word' id='word_1_90' title='bbox 726 1455 813 1500; x_wconf 86' lang='lat' dir='ltr'>voees</span> <span class='ocrx_word' id='word_1_91' title='bbox 836 1442 917 1500; x_wconf 90' lang='lat' dir='ltr'>arcte</span> <span class='ocrx_word' id='word_1_92' title='bbox 936 1439 1065 1520; x_wconf 86' lang='lat' dir='ltr'>jungere</span> <span class='ocrx_word' id='word_1_93' title='bbox 1087 1438 1173 1501; x_wconf 89' lang='lat' dir='ltr'>solet.</span> 
     </span>
     <span class='ocr_line' id='line_1_14' title="bbox 127 1542 1173 1627; baseline 0.002 -20"><span class='ocrx_word' id='word_1_94' title='bbox 127 1542 425 1622; x_wconf 88' lang='lat' dir='ltr'>Insuetusdenique</span> <span class='ocrx_word' id='word_1_95' title='bbox 447 1543 560 1623; x_wconf 89' lang='lat' dir='ltr'>passivi</span> <span class='ocrx_word' id='word_1_96' title='bbox 590 1544 739 1624; x_wconf 90' lang='lat' dir='ltr'>participii</span> <span class='ocrx_word' id='word_1_97' title='bbox 775 1563 847 1607; x_wconf 90' lang='lat' dir='ltr'>usus</span> <span class='ocrx_word' id='word_1_98' title='bbox 870 1545 1041 1626; x_wconf 79' lang='lat' dir='ltr'>(luvenalis</span> <span class='ocrx_word' id='word_1_99' title='bbox 1063 1565 1173 1627; x_wconf 85' lang='lat' dir='ltr'>gerun-</span> 
     </span>
    </p>
   </div>
   <div class='ocr_carea' id='block_1_6' title="bbox 30 1650 1173 1730">
    <p class='ocr_par' dir='ltr' id='par_1_6' title="bbox 30 1650 1173 1730">
     <span class='ocr_line' id='line_1_15' title="bbox 30 1650 1173 1730; baseline -0.001 -13"><span class='ocrx_word' id='word_1_100' title='bbox 30 1690 42 1717; x_wconf 69' lang='grc' dir='ltr'>ι</span> <span class='ocrx_word' id='word_1_101' title='bbox 128 1651 229 1714; x_wconf 91' lang='lat' dir='ltr'>divum</span> <span class='ocrx_word' id='word_1_102' title='bbox 269 1651 312 1714; x_wconf 92' lang='lat' dir='ltr'>sic</span> <span class='ocrx_word' id='word_1_103' title='bbox 349 1650 448 1730; x_wconf 89' lang='lat' dir='ltr'>ponit)</span> <span class='ocrx_word' id='word_1_104' title='bbox 485 1650 563 1712; x_wconf 90' lang='lat' dir='ltr'>hanc</span> <span class='ocrx_word' id='word_1_105' title='bbox 598 1650 655 1712; x_wconf 90' lang='lat' dir='ltr'>loci</span> <span class='ocrx_word' id='word_1_106' title='bbox 700 1652 921 1715; x_wconf 74' lang='lat' dir='ltr'>enarrationem</span> <span class='ocrx_word' id='word_1_107' title='bbox 965 1655 1173 1717; x_wconf 85' lang='lat' dir='ltr'>commendare</span> 
     </span>
    </p>
   </div>
   <div class='ocr_carea' id='block_1_7' title="bbox 126 1759 1172 2375">
    <p class='ocr_par' dir='ltr' id='par_1_7' title="bbox 126 1759 251 1822">
     <span class='ocr_line' id='line_1_16' title="bbox 126 1759 251 1822; baseline -0.016 -1"><span class='ocrx_word' id='word_1_108' title='bbox 126 1759 251 1822; x_wconf 88' lang='lat' dir='ltr'>videtur.</span> 
     </span>
    </p>

    <p class='ocr_par' dir='ltr' id='par_1_8' title="bbox 126 1858 1172 2375">
     <span class='ocr_line' id='line_1_17' title="bbox 211 1858 1172 1948; baseline 0.002 -20"><span class='ocrx_word' id='word_1_109' title='bbox 211 1864 397 1928; x_wconf 84' lang='lat' dir='ltr'>Particulam</span> <span class='ocrx_word' id='word_1_110' title='bbox 422 1868 452 1927; x_wconf 86' lang='lat' dir='ltr'>et</span> <span class='ocrx_word' id='word_1_111' title='bbox 474 1884 525 1945; x_wconf 90' lang='lat' dir='ltr'>pro</span> <span class='ocrx_word' id='word_1_112' title='bbox 549 1865 646 1926; x_wconf 73' lang='lat' dir='ltr'>ettam</span> <span class='ocrx_word' id='word_1_113' title='bbox 669 1864 808 1944; x_wconf 85' lang='lat' dir='ltr'>positam,</span> <span class='ocrx_word' id='word_1_114' title='bbox 844 1866 894 1946; x_wconf 93' lang='lat' dir='ltr'>qui</span> <span class='ocrx_word' id='word_1_115' title='bbox 916 1884 989 1929; x_wconf 88' lang='lat' dir='ltr'>usus</span> <span class='ocrx_word' id='word_1_116' title='bbox 1012 1858 1090 1948; x_wconf 79' lang='lat' dir='ltr'>apud</span> <span class='ocrx_word' id='word_1_117' title='bbox 1112 1867 1172 1932; x_wconf 89' lang='lat' dir='ltr'>Ju-</span> 
     </span>
     <span class='ocr_line' id='line_1_18' title="bbox 127 1955 1172 2053; baseline 0.003 -19"><span class='ocrx_word' id='word_1_118' title='bbox 127 1973 264 2036; x_wconf 89' lang='lat' dir='ltr'>venalem</span> <span class='ocrx_word' id='word_1_119' title='bbox 280 1973 379 2035; x_wconf 92' lang='lat' dir='ltr'>multo</span> <span class='ocrx_word' id='word_1_120' title='bbox 401 1972 587 2051; x_wconf 78' lang='lat' dir='ltr'>frequentior</span> <span class='ocrx_word' id='word_1_121' title='bbox 610 1990 701 2052; x_wconf 91' lang='lat' dir='ltr'>quam</span> <span class='ocrx_word' id='word_1_122' title='bbox 723 1955 801 2052; x_wconf 90' lang='lat' dir='ltr'>apud</span> <span class='ocrx_word' id='word_1_123' title='bbox 824 1972 937 2053; x_wconf 88' lang='lat' dir='ltr'>priores</span> <span class='ocrx_word' id='word_1_124' title='bbox 961 1978 1065 2053; x_wconf 84' lang='lat' dir='ltr'>poetas</span> <span class='ocrx_word' id='word_1_125' title='bbox 1089 1977 1172 2050; x_wconf 90' lang='lat' dir='ltr'>est¹)‚</span> 
     </span>
     <span class='ocr_line' id='line_1_19' title="bbox 126 2079 1170 2163; baseline 0.002 -21"><span class='ocrx_word' id='word_1_126' title='bbox 126 2083 158 2152; x_wconf 83' lang='lat' dir='ltr'>et</span> <span class='ocrx_word' id='word_1_127' title='bbox 179 2080 259 2142; x_wconf 90' lang='lat' dir='ltr'>inter</span> <span class='ocrx_word' id='word_1_128' title='bbox 283 2081 358 2143; x_wconf 92' lang='lat' dir='ltr'>duos</span> <span class='ocrx_word' id='word_1_129' title='bbox 381 2079 571 2142; x_wconf 83' lang='lat' dir='ltr'>accusativos</span> <span class='ocrx_word' id='word_1_130' title='bbox 595 2080 784 2142; x_wconf 89' lang='lat' dir='ltr'>intersertam</span> <span class='ocrx_word' id='word_1_131' title='bbox 810 2080 891 2161; x_wconf 79' lang='grc' dir='ltr'>(ΧΙΙ,</span> <span class='ocrx_word' id='word_1_132' title='bbox 920 2081 970 2161; x_wconf 80' lang='grc'>17)</span> <span class='ocrx_word' id='word_1_133' title='bbox 996 2099 1170 2163; x_wconf 88' lang='lat' dir='ltr'>erroresque</span> 
     </span>
     <span class='ocr_line' id='line_1_20' title="bbox 126 2186 1171 2268; baseline 0.004 -20"><span class='ocrx_word' id='word_1_134' title='bbox 126 2186 195 2249; x_wconf 91' lang='lat' dir='ltr'>inde</span> <span class='ocrx_word' id='word_1_135' title='bbox 217 2190 297 2250; x_wconf 89' lang='lat' dir='ltr'>ortos</span> <span class='ocrx_word' id='word_1_136' title='bbox 321 2187 492 2267; x_wconf 80' lang='lat' dir='ltr'>Madvigius</span> <span class='ocrx_word' id='word_1_137' title='bbox 523 2186 691 2266; x_wconf 86' lang='lat' dir='ltr'>explicavit,</span> <span class='ocrx_word' id='word_1_138' title='bbox 725 2189 778 2250; x_wconf 90' lang='lat' dir='ltr'>sed</span> <span class='ocrx_word' id='word_1_139' title='bbox 811 2191 930 2250; x_wconf 82' lang='lat' dir='ltr'>exstant</span> <span class='ocrx_word' id='word_1_140' title='bbox 962 2187 1028 2264; x_wconf 82' lang='lat' dir='ltr'>loci,</span> <span class='ocrx_word' id='word_1_141' title='bbox 1063 2189 1171 2268; x_wconf 87' lang='lat' dir='ltr'>quibus</span> 
     </span>
     <span class='ocr_line' id='line_1_21' title="bbox 126 2293 1170 2375; baseline 0.003 -18"><span class='ocrx_word' id='word_1_142' title='bbox 126 2293 230 2357; x_wconf 89' lang='lat' dir='ltr'>eadem</span> <span class='ocrx_word' id='word_1_143' title='bbox 264 2293 482 2374; x_wconf 84' lang='lat' dir='ltr'>significatione</span> <span class='ocrx_word' id='word_1_144' title='bbox 515 2295 594 2357; x_wconf 84' lang='lat' dir='ltr'>inter</span> <span class='ocrx_word' id='word_1_145' title='bbox 628 2295 701 2357; x_wconf 90' lang='lat' dir='ltr'>duas</span> <span class='ocrx_word' id='word_1_146' title='bbox 732 2294 899 2357; x_wconf 86' lang='lat' dir='ltr'>sententias</span> <span class='ocrx_word' id='word_1_147' title='bbox 929 2296 1026 2375; x_wconf 89' lang='lat' dir='ltr'>posita</span> <span class='ocrx_word' id='word_1_148' title='bbox 1056 2296 1170 2360; x_wconf 88' lang='lat' dir='ltr'>similes</span> 
     </span>
    </p>
   </div>
   <div class='ocr_carea' id='block_1_8' title="bbox 126 2392 1275 2484">
    <p class='ocr_par' dir='ltr' id='par_1_9' title="bbox 126 2392 1275 2484">
     <span class='ocr_line' id='line_1_22' title="bbox 126 2392 1275 2484; baseline 0.005 -21"><span class='ocrx_word' id='word_1_149' title='bbox 126 2418 239 2464; x_wconf 87' lang='lat' dir='ltr'>errores</span> <span class='ocrx_word' id='word_1_150' title='bbox 272 2401 410 2464; x_wconf 85' lang='lat' dir='ltr'>moverit.</span> <span class='ocrx_word' id='word_1_151' title='bbox 466 2402 502 2464; x_wconf 89' lang='lat' dir='ltr'>In</span> <span class='ocrx_word' id='word_1_152' title='bbox 537 2404 629 2465; x_wconf 89' lang='lat' dir='ltr'>satira</span> <span class='ocrx_word' id='word_1_153' title='bbox 662 2401 743 2477; x_wconf 82' lang='lat' dir='ltr'>xlv,</span> <span class='ocrx_word' id='word_1_154' title='bbox 782 2402 833 2463; x_wconf 90' lang='lat' dir='ltr'>ubi</span> <span class='ocrx_word' id='word_1_155' title='bbox 867 2405 967 2483; x_wconf 88' lang='lat' dir='ltr'>poeta,</span> <span class='ocrx_word' id='word_1_156' title='bbox 1009 2407 1170 2484; x_wconf 89' lang='lat' dir='ltr'>postquam</span> <span class='ocrx_word' id='word_1_157' title='bbox 1273 2392 1275 2396; x_wconf 10' lang='grc' dir='ltr'><em>Α</em></span> 
     </span>
    </p>
   </div>
   <div class='ocr_carea' id='block_1_9' title="bbox 114 2509 1168 2697">
    <p class='ocr_par' dir='ltr' id='par_1_10' title="bbox 114 2509 1168 2697">
     <span class='ocr_line' id='line_1_23' title="bbox 114 2509 1168 2590; baseline 0.006 -20"><span class='ocrx_word' id='word_1_158' title='bbox 114 2527 262 2580; x_wconf 71' lang='lat' dir='ltr'>‚caussam</span> <span class='ocrx_word' id='word_1_159' title='bbox 285 2511 316 2571; x_wconf 86' lang='lat' dir='ltr'>et</span> <span class='ocrx_word' id='word_1_160' title='bbox 338 2509 482 2587; x_wconf 71' lang='lat' dir='ltr'>originem</span> <span class='ocrx_word' id='word_1_161' title='bbox 507 2510 641 2572; x_wconf 82' lang='lat' dir='ltr'>avaritiae</span> <span class='ocrx_word' id='word_1_162' title='bbox 664 2527 823 2590; x_wconf 90' lang='lat' dir='ltr'>puerorum</span> <span class='ocrx_word' id='word_1_163' title='bbox 855 2511 885 2571; x_wconf 93' lang='lat' dir='ltr'>in</span> <span class='ocrx_word' id='word_1_164' title='bbox 914 2511 1049 2590; x_wconf 89' lang='lat' dir='ltr'>patribus</span> <span class='ocrx_word' id='word_1_165' title='bbox 1071 2512 1168 2575; x_wconf 88' lang='lat' dir='ltr'>avaris</span> 
     </span>
     <span class='ocr_line' id='line_1_24' title="bbox 125 2614 898 2697; baseline 0 -19"><span class='ocrx_word' id='word_1_166' title='bbox 125 2633 190 2678; x_wconf 88' lang='lat' dir='ltr'>esse</span> <span class='ocrx_word' id='word_1_167' title='bbox 213 2614 322 2690; x_wconf 86' lang='lat' dir='ltr'>docuit,</span> <span class='ocrx_word' id='word_1_168' title='bbox 345 2634 363 2678; x_wconf 90' lang='lat' dir='ltr'>a</span> <span class='ocrx_word' id='word_1_169' title='bbox 384 2636 409 2678; x_wconf 92' lang='lat' dir='ltr'>v.</span> <span class='ocrx_word' id='word_1_170' title='bbox 434 2620 494 2681; x_wconf 80' lang='grc'>227</span> <span class='ocrx_word' id='word_1_171' title='bbox 519 2618 573 2680; x_wconf 92' lang='lat' dir='ltr'>hos</span> <span class='ocrx_word' id='word_1_172' title='bbox 596 2636 701 2680; x_wconf 90' lang='lat' dir='ltr'>versus</span> <span class='ocrx_word' id='word_1_173' title='bbox 724 2616 898 2697; x_wconf 82' lang='lat' dir='ltr'>subjungit:</span> 
     </span>
    </p>
   </div>
   <div class='ocr_carea' id='block_1_10' title="bbox 88 2767 1093 3389">
    <p class='ocr_par' dir='ltr' id='par_1_11' title="bbox 207 2767 1072 2850">
     <span class='ocr_line' id='line_1_25' title="bbox 207 2767 1072 2850; baseline 0.002 -20"><span class='ocrx_word' id='word_1_174' title='bbox 207 2767 295 2830; x_wconf 84' lang='lat' dir='ltr'>Num</span> <span class='ocrx_word' id='word_1_175' title='bbox 318 2769 467 2848; x_wconf 77' lang='lat' dir='ltr'>quisquis</span> <span class='ocrx_word' id='word_1_176' title='bbox 489 2771 601 2850; x_wconf 76' lang='lat' dir='ltr'>mopsi</span> <span class='ocrx_word' id='word_1_177' title='bbox 623 2788 737 2833; x_wconf 81' lang='lat' dir='ltr'>census</span> <span class='ocrx_word' id='word_1_178' title='bbox 754 2770 910 2849; x_wconf 76' lang='lat' dir='ltr'>proecepit</span> <span class='ocrx_word' id='word_1_179' title='bbox 932 2789 1072 2833; x_wconf 83' lang='lat' dir='ltr'>umorem</span> 
     </span>
    </p>

    <p class='ocr_par' dir='ltr' id='par_1_12' title="bbox 206 2874 960 2956">
     <span class='ocr_line' id='line_1_26' title="bbox 206 2874 960 2956; baseline 0.004 -19"><span class='ocrx_word' id='word_1_180' title='bbox 206 2874 251 2938; x_wconf 86' lang='lat' dir='ltr'>Et</span> <span class='ocrx_word' id='word_1_181' title='bbox 273 2875 350 2937; x_wconf 80' lang='lat' dir='ltr'>lceoo</span> <span class='ocrx_word' id='word_1_182' title='bbox 372 2877 498 2938; x_wconf 75' lang='lat' dir='ltr'>monito</span> <span class='ocrx_word' id='word_1_183' title='bbox 514 2880 637 2956; x_wconf 80' lang='lat' dir='ltr'>pueros</span> <span class='ocrx_word' id='word_1_184' title='bbox 653 2876 809 2956; x_wconf 78' lang='lat' dir='ltr'>producit</span> <span class='ocrx_word' id='word_1_185' title='bbox 832 2896 960 2953; x_wconf 63' lang='lat' dir='ltr'>avaros„</span> 
     </span>
    </p>

    <p class='ocr_par' dir='ltr' id='par_1_13' title="bbox 88 2981 1061 3174">
     <span class='ocr_line' id='line_1_27' title="bbox 88 2981 1061 3066; baseline 0.005 -22"><span class='ocrx_word' id='word_1_186' title='bbox 88 3024 89 3027; x_wconf 20' lang='grc' dir='ltr'><strong>κ</strong></span> <span class='ocrx_word' id='word_1_187' title='bbox 206 2981 251 3045; x_wconf 83' lang='lat' dir='ltr'>Et</span> <span class='ocrx_word' id='word_1_188' title='bbox 273 2985 329 3063; x_wconf 80' lang='lat' dir='ltr'>qut</span> <span class='ocrx_word' id='word_1_189' title='bbox 345 3005 409 3063; x_wconf 84' lang='lat' dir='ltr'>per</span> <span class='ocrx_word' id='word_1_190' title='bbox 424 2983 565 3066; x_wconf 81' lang='lat' dir='ltr'>frondes</span> <span class='ocrx_word' id='word_1_191' title='bbox 581 2986 788 3064; x_wconf 78' lang='lat' dir='ltr'>patrimonio</span> <span class='ocrx_word' id='word_1_192' title='bbox 811 2984 1061 3065; x_wconf 73' lang='lat' dir='ltr'>conduplicare,</span> 
     </span>
     <span class='ocr_line' id='line_1_28' title="bbox 122 3089 962 3174; baseline -0.002 -18"><span class='ocrx_word' id='word_1_193' title='bbox 122 3093 185 3157; x_wconf 77' lang='lat'>230</span> <span class='ocrx_word' id='word_1_194' title='bbox 205 3089 276 3153; x_wconf 81' lang='lat' dir='ltr'>Dat</span> <span class='ocrx_word' id='word_1_195' title='bbox 298 3090 478 3155; x_wconf 78' lang='lat' dir='ltr'>libertatem</span> <span class='ocrx_word' id='word_1_196' title='bbox 500 3096 530 3155; x_wconf 86' lang='lat' dir='ltr'>et</span> <span class='ocrx_word' id='word_1_197' title='bbox 553 3097 638 3155; x_wconf 85' lang='lat' dir='ltr'>totas</span> <span class='ocrx_word' id='word_1_198' title='bbox 660 3091 796 3174; x_wconf 76' lang='lat' dir='ltr'>effundit</span> <span class='ocrx_word' id='word_1_199' title='bbox 818 3091 962 3156; x_wconf 77' lang='lat' dir='ltr'>hubertus</span> 
     </span>
    </p>

    <p class='ocr_par' dir='ltr' id='par_1_14' title="bbox 209 3198 1045 3279">
     <span class='ocr_line' id='line_1_29' title="bbox 209 3198 1045 3279; baseline -0.001 -16"><span class='ocrx_word' id='word_1_200' title='bbox 209 3198 404 3263; x_wconf 76' lang='lat' dir='ltr'>Curriculo:</span> <span class='ocrx_word' id='word_1_201' title='bbox 428 3220 520 3279; x_wconf 81' lang='lat' dir='ltr'>qoem</span> <span class='ocrx_word' id='word_1_202' title='bbox 540 3202 571 3263; x_wconf 82' lang='lat' dir='ltr'>se‘</span> <span class='ocrx_word' id='word_1_203' title='bbox 593 3219 719 3264; x_wconf 82' lang='lat' dir='ltr'>revoces</span> <span class='ocrx_word' id='word_1_204' title='bbox 741 3200 914 3263; x_wconf 79' lang='lat' dir='ltr'>subsistere</span> <span class='ocrx_word' id='word_1_205' title='bbox 936 3201 1045 3277; x_wconf 74' lang='lat' dir='ltr'>nescit,</span> 
     </span>
    </p>

    <p class='ocr_par' dir='ltr' id='par_1_15' title="bbox 205 3304 1093 3389">
     <span class='ocr_line' id='line_1_30' title="bbox 205 3304 1093 3389; baseline 0.002 -21"><span class='ocrx_word' id='word_1_206' title='bbox 205 3306 251 3369; x_wconf 85' lang='lat' dir='ltr'>Et</span> <span class='ocrx_word' id='word_1_207' title='bbox 273 3310 305 3370; x_wconf 83' lang='lat' dir='ltr'>ie</span> <span class='ocrx_word' id='word_1_208' title='bbox 327 3311 505 3389; x_wconf 82' lang='lat' dir='ltr'>contempto</span> <span class='ocrx_word' id='word_1_209' title='bbox 528 3304 661 3389; x_wconf 76' lang='lat' dir='ltr'>rapitur</span> <span class='ocrx_word' id='word_1_210' title='bbox 682 3309 837 3388; x_wconf 74' lang='lat' dir='ltr'>oretisque</span> <span class='ocrx_word' id='word_1_211' title='bbox 858 3307 988 3371; x_wconf 76' lang='lat' dir='ltr'>relictis.</span> <span class='ocrx_word' id='word_1_212' title='bbox 1089 3377 1093 3384; x_wconf 47' lang='grc'>,</span> 
     </span>
    </p>
   </div>
   <div class='ocr_carea' id='block_1_11' title="bbox 92 3476 1168 3774">
    <p class='ocr_par' dir='ltr' id='par_1_16' title="bbox 92 3476 1168 3774">
     <span class='ocr_line' id='line_1_31' title="bbox 120 3476 1168 3561; baseline 0.003 -23"><span class='ocrx_word' id='word_1_213' title='bbox 120 3476 284 3560; x_wconf 86' lang='lat' dir='ltr'>Rupertius</span> <span class='ocrx_word' id='word_1_214' title='bbox 307 3481 423 3542; x_wconf 88' lang='lat' dir='ltr'>rectam</span> <span class='ocrx_word' id='word_1_215' title='bbox 448 3477 607 3542; x_wconf 91' lang='lat' dir='ltr'>enarrandi</span> <span class='ocrx_word' id='word_1_216' title='bbox 635 3478 715 3541; x_wconf 91' lang='lat' dir='ltr'>viam</span> <span class='ocrx_word' id='word_1_217' title='bbox 746 3479 900 3561; x_wconf 84' lang='lat' dir='ltr'>ingressus</span> <span class='ocrx_word' id='word_1_218' title='bbox 922 3480 1099 3561; x_wconf 88' lang='lat' dir='ltr'>particulam</span> <span class='ocrx_word' id='word_1_219' title='bbox 1122 3479 1168 3542; x_wconf 84' lang='lat' dir='ltr'>Et</span> 
     </span>
     <span class='ocr_line' id='line_1_32' title="bbox 92 3585 1165 3686; baseline 0.004 -40"><span class='ocrx_word' id='word_1_220' title='bbox 92 3585 162 3686; x_wconf 64' lang='lat' dir='ltr'>lv.</span> <span class='ocrx_word' id='word_1_221' title='bbox 185 3587 259 3663; x_wconf 89' lang='grc'>228)</span> <span class='ocrx_word' id='word_1_222' title='bbox 281 3603 335 3666; x_wconf 91' lang='lat' dir='ltr'>pro</span> <span class='ocrx_word' id='word_1_223' title='bbox 361 3586 459 3648; x_wconf 73' lang='lat' dir='ltr'>ettam</span> <span class='ocrx_word' id='word_1_224' title='bbox 494 3586 624 3667; x_wconf 88' lang='lat' dir='ltr'>positam</span> <span class='ocrx_word' id='word_1_225' title='bbox 659 3603 724 3649; x_wconf 90' lang='lat' dir='ltr'>esse</span> <span class='ocrx_word' id='word_1_226' title='bbox 758 3586 920 3666; x_wconf 68' lang='lat' dir='ltr'>intellexit,</span> <span class='ocrx_word' id='word_1_227' title='bbox 953 3589 1004 3650; x_wconf 91' lang='lat' dir='ltr'>sed</span> <span class='ocrx_word' id='word_1_228' title='bbox 1039 3587 1165 3650; x_wconf 84' lang='lat' dir='ltr'>alteram</span> 
     </span>
     <span class='ocr_line' id='line_1_33' title="bbox 118 3690 1166 3774; baseline 0.005 -21"><span class='ocrx_word' id='word_1_229' title='bbox 118 3690 298 3770; x_wconf 89' lang='lat' dir='ltr'>particulam</span> <span class='ocrx_word' id='word_1_230' title='bbox 332 3695 362 3755; x_wconf 87' lang='lat' dir='ltr'>et</span> <span class='ocrx_word' id='word_1_231' title='bbox 390 3698 429 3768; x_wconf 84' lang='lat' dir='ltr'>(v.</span> <span class='ocrx_word' id='word_1_232' title='bbox 453 3696 529 3772; x_wconf 84' lang='grc'>230)</span> <span class='ocrx_word' id='word_1_233' title='bbox 560 3693 666 3756; x_wconf 92' lang='lat' dir='ltr'>eodem</span> <span class='ocrx_word' id='word_1_234' title='bbox 688 3693 777 3756; x_wconf 93' lang='lat' dir='ltr'>modo</span> <span class='ocrx_word' id='word_1_235' title='bbox 801 3693 950 3774; x_wconf 81' lang='lat' dir='ltr'>explicans</span> <span class='ocrx_word' id='word_1_236' title='bbox 973 3696 1166 3758; x_wconf 89' lang='lat' dir='ltr'>omnia-con-</span> 
     </span>
    </p>
   </div>
   <div class='ocr_carea' id='block_1_12' title="bbox 144 3968 1165 4123">
    <p class='ocr_par' dir='ltr' id='par_1_17' title="bbox 144 3968 1165 4123">
     <span class='ocr_line' id='line_1_34' title="bbox 144 3968 1165 4037; baseline 0.001 -12"><span class='ocrx_word' id='word_1_237' title='bbox 144 3969 162 4025; x_wconf 86' lang='lat' dir='ltr'>¹l</span> <span class='ocrx_word' id='word_1_238' title='bbox 182 3968 299 4031; x_wconf 61' lang='lat' dir='ltr'>,Iahnius</span> <span class='ocrx_word' id='word_1_239' title='bbox 318 3970 345 4024; x_wconf 90' lang='lat' dir='ltr'>in</span> <span class='ocrx_word' id='word_1_240' title='bbox 364 3971 455 4023; x_wconf 90' lang='lat' dir='ltr'>indice</span> <span class='ocrx_word' id='word_1_241' title='bbox 473 3969 619 4023; x_wconf 90' lang='lat' dir='ltr'>verborum</span> <span class='ocrx_word' id='word_1_242' title='bbox 641 3980 707 4023; x_wconf 88' lang='lat' dir='ltr'>octo</span> <span class='ocrx_word' id='word_1_243' title='bbox 728 3979 755 4024; x_wconf 90' lang='lat' dir='ltr'>et</span> <span class='ocrx_word' id='word_1_244' title='bbox 774 3972 973 4037; x_wconf 82' lang='lat' dir='ltr'>quinquaginta</span> <span class='ocrx_word' id='word_1_245' title='bbox 992 3973 1165 4026; x_wconf 89' lang='lat' dir='ltr'>locoshabet</span> 
     </span>
     <span class='ocr_line' id='line_1_35' title="bbox 185 4056 1162 4123; baseline 0.004 -18"><span class='ocrx_word' id='word_1_246' title='bbox 185 4067 275 4119; x_wconf 90' lang='lat' dir='ltr'>neque</span> <span class='ocrx_word' id='word_1_247' title='bbox 294 4069 399 4120; x_wconf 90' lang='lat' dir='ltr'>paucos</span> <span class='ocrx_word' id='word_1_248' title='bbox 426 4056 574 4122; x_wconf 88' lang='lat' dir='ltr'>praeteriit.</span> <span class='ocrx_word' id='word_1_249' title='bbox 616 4056 723 4108; x_wconf 88' lang='lat' dir='ltr'>Eorum</span> <span class='ocrx_word' id='word_1_250' title='bbox 752 4061 853 4122; x_wconf 84' lang='lat' dir='ltr'>tamen,</span> <span class='ocrx_word' id='word_1_251' title='bbox 882 4071 952 4120; x_wconf 88' lang='lat' dir='ltr'>quos</span> <span class='ocrx_word' id='word_1_252' title='bbox 977 4057 1068 4123; x_wconf 81' lang='lat' dir='ltr'>affert,</span> <span class='ocrx_word' id='word_1_253' title='bbox 1097 4074 1162 4110; x_wconf 91' lang='lat' dir='ltr'>non-</span> 
     </span>
    </p>
   </div>
   <div class='ocr_carea' id='block_1_13' title="bbox 184 4138 1052 4264">
    <p class='ocr_par' dir='ltr' id='par_1_18' title="bbox 184 4138 1052 4264">
     <span class='ocr_line' id='line_1_36' title="bbox 184 4138 1052 4264; baseline -0.003 -75"><span class='ocrx_word' id='word_1_254' title='bbox 184 4138 254 4189; x_wconf 89' lang='lat' dir='ltr'>nulli</span> <span class='ocrx_word' id='word_1_255' title='bbox 273 4138 439 4191; x_wconf 83' lang='lat' dir='ltr'>excludendi</span> <span class='ocrx_word' id='word_1_256' title='bbox 460 4145 532 4193; x_wconf 87' lang='lat' dir='ltr'>sunt.</span> <span class='ocrx_word' id='word_1_257' title='bbox 554 4145 562 4164; x_wconf 78' lang='lat'>⁸</span> <span class='ocrx_word' id='word_1_258' title='bbox 953 4211 983 4264; x_wconf 29' lang='grc' dir='ltr'>δή</span> <span class='ocrx_word' id='word_1_259' title='bbox 1046 4174 1052 4186; x_wconf 86' lang='grc'>,</span> 
     </span>
    </p>
   </div>
   <div class='ocr_carea' id='block_1_14' title="bbox 0 0 1352 4582">
    <p class='ocr_par' dir='ltr' id='par_1_19' title="bbox 0 0 1352 4582">
     <span class='ocr_line' id='line_1_37' title="bbox 0 0 1352 4582; baseline 0 1"><span class='ocrx_word' id='word_1_260' title='bbox 0 0 1352 4582; x_wconf 95' lang='lat' dir='ltr'> </span> 
     </span>
    </p>
   </div>
  </div>
 </body>
</html>
