2694 4582
402 295 444 346 lve
463 293 598 347 liberiore
617 294 763 347 verhorum
782 295 887 361 positu.
1125 300 1164 362 37
1199 301 1204 310 ‘
1280 326 1285 334 ·

120 499 187 564 voci
219 500 416 581 postponitur.
463 498 655 581 Adjectivum
686 498 717 560 in
748 499 844 562 altero
867 499 1068 575 hemistichio,
1103 501 1171 564 sub·

121 607 286 672 stantivum
310 609 342 670 in
364 607 459 670 altero
481 607 552 688 poni
583 608 725 688 frequens
756 625 821 670 esse
845 607 992 688 vidimus,
1028 607 1075 670 his
1096 607 1182 680 locis,

119 735 192 780 casu
215 717 329 779 factum
353 718 466 788 estut
490 715 553 777 tale
576 714 757 795 adjectivum
786 714 877 777 etad
900 714 1123 779 substantivum
1138 716 1170 778 in

120 823 218 906 priore
241 827 272 886 et
293 823 331 886 ad
353 822 578 885 substantivum
608 821 637 883 in
662 821 757 885 altero
781 820 923 902 positum,
947 823 1025 903 qnod
1049 825 1086 885 ad
1110 824 1171 887 ior-

121 949 200 993 mam
224 931 376 1006 attiucret,
400 930 504 992 referri
529 933 643 1009 possem
665 947 755 1009 quum
770 933 873 992 autem
886 930 979 993 lector
990 931 1028 993 ob
1040 931 1171 1012 priorem

121 1038 298 1119 particulam
337 1041 367 1100 ct
399 1042 613 1108 autonomon
637 1038 788 1118 proprium
814 1037 896 1100 nulla
919 1054 990 1100 voce
1014 1039 1172 1120 interjecta

120 1145 164 1209 ita
175 1146 362 1209 collocatam.
385 1149 420 1208 ut
443 1145 574 1207 alterum
596 1162 705 1207 nomen
729 1150 964 1226 exspectaretur,
989 1146 1171 1227 adjectivum

120 1253 211 1336 priori
246 1229 445 1324 substantivo,
480 1252 529 1314 cui
565 1252 697 1333 proxime
733 1253 973 1336 subjungeretur,
1008 1253 1171 1334 adjungere

121 1378 181 1425 non
206 1361 366 1436 dubitaret,
389 1360 422 1423 hi
443 1348 600 1423 loci'nihil
623 1360 691 1422 duri
714 1361 855 1424 habuisse
879 1361 1026 1424 videntur.

208 1467 322 1531 Locum
346 1487 379 1531 ex
403 1469 497 1531 satira
517 1472 600 1530 senta
616 1467 806 1549 subjungam
830 1468 881 1558 ubi
895 1472 990 1548 poeta,
1012 1473 1172 1550 postquam

124 1575 269 1639 annulum
283 1576 444 1639 Berenices
467 1577 504 1639 ob
528 1577 716 1655 splendorem
742 1581 773 1639 et
795 1578 906 1638 famam
928 1577 1076 1640 celebrem
1088 1593 1172 1640 com-

123 1684 311 1755 memoravit,
336 1685 401 1746 hac
424 1684 511 1746 addit
534 1690 573 1757 (v.
589 1687 675 1752 158l:

481 1836 580 1900 Hanc
603 1836 690 1900 deda
712 1836 789 1899 olim

208 1943 383 2006 Barbarus
405 1945 544 2023 incesta,
569 1944 656 2008 aeda
678 1945 763 2008 barac
784 1945 937 2026 Agrippa
960 1952 1074 2008 sorori.

126 2115 219 2178 Vetus
243 2115 421 2178 scholiastes
445 2115 499 2178 hos
522 2133 626 2178 versus
649 2115 694 2178 sic
717 2119 849 2178 enarrat:
877 2116 973 2177 »hunc
993 2115 1077 2176 dedit
1099 2114 1168 2177 bar·

123 2223 213 2286 barus
242 2223 365 2304 quidam
399 2231 504 2302 (quem
523 2224 726 2287 Ptolemaeum
759 2241 824 2285 esse
859 2222 935 2299 vult)
970 2227 1000 2286 et
1034 2223 1170 2303 Agrippa

124 2331 245 2394 incestae
269 2331 393 2406 sorori«
430 2331 483 2392 sed
505 2335 540 2392 ut
565 2331 736 2405 Berenicen,
770 2330 929 2394 Ptolemaei
964 2347 1105 2405 sororem,
1139 2334 1169 2392 et

124 2437 250 2511 Juliam,
274 2441 393 2518 neptem
419 2439 561 2519 Augusti,
585 2458 651 2501 cum
676 2438 798 2501 nomine
815 2440 975 2501 Berenices
998 2442 1029 2500 et
1051 2438 1170 2500 incestu

124 2546 267 2626 Agrippae
279 2547 453 2627 conjungat,
476 2546 552 2607 mire
575 2545 676 2608 omnia
692 2546 856 2608 confundit.
888 2546 977 2626 Apud
991 2544 1170 2609 tIuvenalem

124 2671 274 2734 nusquam
297 2653 379 2724 alibi,
404 2653 539 2735 subjecto
562 2671 619 2716 non
651 2656 776 2726 mutato,
810 2671 869 2716 non
902 2655 991 2716 modo
1025 2653 1106 2714 verbi
1140 2655 1171 2713 et

124 2760 234 2841 objecti
265 2762 316 2823 sed
348 2779 385 2823 ne
416 2762 498 2824 verbi
521 2760 614 2824 solius
638 2759 760 2842 quidem
784 2761 967 2842 anaphoram
990 2760 1169 2837 invenimus

124 2886 193 2930 nam
210 2868 288 2949 quod
311 2869 481 2952 subjectum
498 2873 529 2931 et
540 2868 662 2932 verbum
676 2867 828 2931 interdum
846 2868 1001 2950 repetitur,
1020 2867 1100 2930 aliud
1114 2871 1169 2943 est,

123 2976 167 3039 ita
188 2979 231 3051 ut,
264 2975 291 3039 si
314 2977 381 3057 quis
404 2994 461 3039 non
487 2972 523 3038 de
552 2994 612 3039 uno
635 2977 698 3039 vivo
722 2995 819 3057 neque
848 2977 885 3038 de
908 2995 968 3038 una
990 2993 1089 3038 sorore
1118 2976 1170 3038 sed

125 3083 161 3146 de
182 3083 298 3147 duobus
321 3083 402 3158 viris,
425 3083 551 3146 barbaro
570 3083 761 3165 (Ptolemaeo)
785 3088 816 3146 et
839 3085 983 3165 Agrippa,
1007 3087 1038 3146 et
1056 3083 1171 3146 duabus

124 3189 262 3253 eiusdem
283 3190 414 3254 nominis
437 3191 587 3255 sororibus
615 3192 748 3269 incestis,
783 3193 926 3255 Berenice
952 3191 1106 3254 Ptolemaei
1140 3194 1176 3259 et.

115 3297 160 3386 B.
182 3298 336 3381 Agrippa,
370 3304 489 3380 poetam
515 3288 664 3381 cogitasse
687 3301 798 3373 credat,
832 3318 891 3363 non
925 3300 1094 3362 mirandum
1120 3298 1169 3361 sit.

125 3404 253 3469 Ovidius
275 3411 392 3470 antem:
419 3407 506 3488 Quid
521 3411 621 3486 pater
645 3407 797 3483 lantardo,
822 3407 901 3490 qaid
915 3411 1019 3471 alaier
1040 3405 1171 3488 profuit

128 3512 254 3593 Orpheo
288 3517 371 3594 (Am.
396 3514 494 3594 uqa,
516 3516 571 3593 21)
599 3516 674 3578 dixit
703 3520 734 3578 et
763 3515 924 3597 Virgilius:
958 3514 1015 3578 Mc
1039 3512 1169 3596 sarnaio

116 3618 343 3705 famulamque
364 3621 488 3685 Heleno
513 3624 698 3685 transmisit
722 3623 901 3686 babendum
913 3629 1001 3696 (Aen.
1015 3622 1073 3697 Ill,
1086 3624 1170 3699 329),

125 3746 199 3810 quos
220 3729 302 3792 locos
325 3729 351 3792 si
374 3749 443 3793 cum
465 3731 540 3792 locis
563 3731 730 3805 luvenalis,
760 3731 869 3812 quibus
892 3732 987 3795 talem
1009 3730 1168 3792 verborum

124 3836 368 3900 distributionem
390 3838 569 3904 invenimus.
599 3838 695 3919 qualis
719 3843 781 3902 est:
824 3840 889 3902 Per
911 3837 1054 3901 calamos
1076 3857 1169 3900 aena-

26 3932 41 4011 vss
125 3945 218 4007 trias
233 3944 488 4029 pharetramque
504 3944 625 4027 paelice
648 3945 746 4026 (XIII,
761 3952 822 4026 80),
847 3947 1039 4020 conterinus,
1062 3963 1168 4025 quom·

125 4071 214 4134 quam
249 4052 288 4116 ob
316 4053 543 4117 insolentiorem
576 4055 758 4135 anaphoram
794 4055 824 4113 et
852 4049 1003 4132 duplicem
1026 4052 1170 4116 distribu-

124 4158 238 4223 tionem
273 4161 476 4225 memorabilis
511 4167 557 4226 est
575 4162 668 4239 locus,
691 4161 738 4225 vin
762 4161 888 4224 dubium
911 4165 966 4238 est,
990 4162 1063 4242 quin
1086 4179 1172 4223 evrar-
