2686 4596
170 272 212 335 88
349 236 353 243 ¹
495 265 706 333 De·partioulis
726 250 904 334 copulativis.

175 470 384 552 amplius'aut
406 469 522 532 maiora
544 470 745 550 exspectanda
767 476 861 547 erant,
885 471 937 534 sed
949 472 1066 536 Atheni
1088 473 1225 554 perfosso

172 582 203 643 et
225 578 282 642 viae
312 566 474 640 maritimae
507 577 623 640 effectae
656 578 745 640 modo
779 580 968 641 constratum
989 578 1225 661 Hellespontum

174 690 205 750 et
227 684 307 747 viam
330 671 506 746 terrestrem
541 702 595 765 por
627 683 741 747 fretum
774 685 914 777 effectam
936 685 1084 768 adjungit,
1116 687 1225 751 deindo

174 791 259 856 verbi
282 807 413 872 persona
433 790 614 855 insolentius
636 793 757 854 mutata
780 790 1225 874 (creditor-orcdlmosltertio

173 899 311 980 exemplo
333 916 368 960 en
391 898 497 960 eadem
520 897 623 961 fabula
645 898 762 979 prolato
786 899 943 980 subjungit
957 901 1046 964 verba
1063 905 1093 964 et
1112 904 1227 964 cuntot

176 1027 248 1089 poce
270 1005 453 1081 Sostratus,
487 1004 532 1068 ita
563 1009 598 1069 ut
619 1025 710 1068 mare
733 1009 935 1069 constratum
955 1008 1150 1072 mendacium
1171 1007 1227 1072 fiat

175 1115 301 1180 Graeoiae
324 1115 356 1175 et
377 1112 454 1175 mire
477 1112 643 1176 mendaciis
657 1111 787 1176 Sostrati
800 1116 978 1196 opponatur.
1007 1114 1077 1179 Huc
1099 1116 1225 1191 accedit,

174 1222 253 1305 quod
276 1221 343 1284 haec
365 1220 455 1283 verba
478 1226 584 1282 contra
593 1219 753 1284 luvenalis
763 1220 907 1302 loquendi
928 1240 1018 1284 usum
1040 1221 1227 1286 adverbum

172 1329 282 1394 Audet
310 1327 467 1391 referende
501 1330 582 1400 sunt,
616 1345 687 1389 uam
720 1328 868 1408 particula
900 1328 1070 1409 copulativa
1098 1332 1129 1392 et
1157 1348 1226 1404 uon,

173 1437 252 1520 quod
275 1435 465 1516 intelligunt,
503 1433 594 1497 verba
617 1437 820 1497 constratam
843 1434 1004 1499 classidas
1030 1435 1133 1499 isdem
1154 1454 1224 1515 sqq.

175 1564 243 1608 curn
257 1543 381 1607 vocibus
397 1539 708 1625 VolificatasAtlvos,
731 1543 784 1605 sed
806 1542 898 1606 verba
920 1542 1081 1622 quidquid
1096 1541 1226 1607 Graeco'o
1316 1600 1321 1609 ,

173 1650 316 1715 menduc
330 1669 400 1729 sqq.
414 1668 482 1711 cum
506 1649 615 1712 iisdem
636 1649 761 1712 vocibus
779 1650 893 1731 jungit,
917 1653 949 1714 ct
971 1651 1119 1730 quomodo
1135 1649 1226 1714 verba

175 1757 337 1840 quidquid
352 1755 482 1820 Graeoio
499 1775 576 1837 sqq,
602 1756 628 1820 si
648 1774 718 1819 oum
738 1756 881 1819 creditor
891 1757 1047 1838 jungenda
1061 1774 1120 1820 non
1143 1759 1225 1833 sunt,

174 1864 376 1948 grammatice
400 1863 576 1944 explicanda
598 1862 669 1939 sint,
693 1863 809 1926 nescire
831 1881 880 1926 me
905 1864 1011 1928 fateor.
1065 1863 1115 1927 An
1144 1867 1225 1927 tam·

175 1992 265 2054 quarn
304 1971 408 2052 spuria
444 1969 532 2032 uncis
569 1969 752 2032 includenda
782 1973 878 2032 sunt?
922 1970 973 2034 Sio
1007 1973 1088 2035 corto
1123 1971 1227 2035 omnia

174 2082 258 2143 recta
275 2081 370 2154 erant,
386 2078 476 2140 modo
499 2095 536 2138 ne
560 2076 708 2157 particula
731 2077 901 2157 copulativa
924 2082 1008 2142 extra
1031 2078 1228 2159 parenthesin
1299 2143 1311 2164 ,

175 2188 255 2251 stare
285 2185 442 2257 sineretur,
477 2186 507 2246 et
536 2185 668 2246 metrum
692 2202 820 2265 quoque,
854 2185 984 2249 molesta
1005 2184 1131 2248 alterius
1154 2184 1227 2248 sub·

175 2293 310 2367 stantivi,
334 2292 413 2374 quod
426 2289 599 2370 esrArtos,
623 2290 747 2371 syllabae
770 2291 964 2372 productione
988 2291 1116 2367 sublata,
1140 2292 1228 2374 adju-

175 2404 252 2480 tum,
277 2400 330 2463 sed
352 2417 389 2462 ne
411 2399 613 2480 interpretum
636 2398 728 2461 nimis
757 2399 871 2462 multos
900 2417 1006 2462 versus
1036 2399 1153 2481 spurios
1176 2418 1227 2463 au-

176 2525 314 2590 geamus,
360 2507 426 2569 Aut
448 2505 506 2569 tria
524 2507 701 2570 creduntur:
732 2504 1042 2590 Velo'fieotasAtltoS,
1068 2506 1230 2587 quidquid

182 2613 312 2680 Graecia
334 2613 474 2678 mendox
497 2613 603 2690 cadet,
638 2634 728 2677 moro
751 2617 961 2687 constratum,
996 2615 1028 2677 et
1059 2614 1135 2676 mire
1169 2631 1227 2677 non

178 2723 267 2786 modo
290 2721 331 2795 id,
355 2723 434 2802 quod
456 2721 590 2804 primum
609 2722 835 2803 atquetertinm
850 2720 1071 2802 complectitur,
1094 2720 1229 2783 modium
1271 2761 1273 2764 -

175 2829 390 2910 interpositum
415 2830 470 2901 est,
494 2829 555 2904 sed,
580 2827 802 2891 constructione
825 2831 953 2902 mutata,
976 2827 1121 2890 ultimum
1133 2845 1227 2890 mern·

176 2937 265 3000 hrum
288 2936 390 3018 (quod,
414 2935 466 2998 ubi
488 2933 689 3016 praecedentia
717 2933 889 3014 copulative
914 2935 1022 3016 juncta
1045 2937 1124 3007 sunt,
1149 2933 1229 3014 apud

174 3043 358 3109 Juvenalem
379 3060 528 3123 nusquam
557 3040 605 3119 fit)
638 3059 691 3121 por
719 3041 887 3122 asyndeton
917 3041 1052 3105 additum
1077 3042 1138 3113 est3
1174 3044 1228 3103 ant

174 3151 249 3214 duo:
301 3147 487 3233 Vela‘fioc'tcs
520 3146 625 3211 Athos
659 3150 689 3211 et
722 3147 883 3227 quidquid
920 3147 1049 3212 Grceoio
1086 3147 1227 3212 mendox

174 3256 283 3336 cadet,
317 3257 349 3318 et
382 3255 482 3332 verba,
517 3272 584 3336 quae
612 3257 684 3318 sunt
707 3259 910 3318 constratam
933 3255 1093 3319 classibus
1114 3254 1227 3330 isdem,

176 3382 271 3445 quum
293 3363 431 3436 verbum,
454 3363 533 3440 quod
556 3366 603 3425 est
626 3361 777 3437 credit-ar,
813 3362 856 3426 sic
889 3363 986 3426 audiri
1015 3367 1154 3444 nequeat,
1189 3363 1228 3427 ad

166 3470 304 3534 verbum
327 3468 426 3532 audet
447 3468 605 3532 referenda
627 3474 707 3533 sunt.
744 3469 918 3533 Difficultas
930 3469 988 3533 loci
1001 3471 1228 3552 simplicissimo

176 3576 312 3641 remedio
334 3576 403 3640 tolli
415 3580 525 3656 potest.
560 3578 634 3640 Post
646 3577 815 3651 oredimus,
837 3578 990 3639 nonanto
1012 3577 1069 3640 hoc
1091 3577 1226 3648 verbum,

177 3703 295 3748 comma
317 3684 489 3764 ponendum
514 3687 568 3747 est.
613 3682 663 3748 Sic
685 3703 733 3748 res
756 3685 840 3765 salva
862 3687 917 3754 est,
946 3702 1018 3746 nam
1040 3684 1071 3746 in
1093 3683 1228 3764 plurium
1264 3707 1267 3713 ·

174 3790 379 3855 membrorum
408 3791 632 3854 coacervatione
664 3791 799 3872 priorum
828 3790 1032 3854 membrorum
1055 3790 1228 3872 conjunctio

175 3899 321 3979 asyndeta
336 3898 366 3960 in
380 3897 581 3978 copulativam
598 3897 778 3962 ultimorum
791 3897 964 3982 juncturam
981 3897 1092 3978 saepius
1107 3897 1227 3972 transit,
1299 3924 1300 3928 ¹

178 4007 211 4069 et
241 4025 333 4068 more
366 4007 569 4068 constratam
603 4022 661 4068 non
691 4004 818 4068 Graeciae
841 4005 980 4068 mendaci
999 4007 1066 4069 sed
1090 4004 1227 4070 Sostrato

175 4117 257 4178 recte
279 4112 466 4176 attribuitur.
523 4112 559 4201 In
582 4111 647 4193 ipso
675 4116 776 4176 autern
807 4111 898 4174 verbo
932 4115 1141 4189 constratam,
1175 4130 1229 4194 pro
