2694 4582
594 1232 642 1310 De
670 1230 798 1330 ellipsi.

261 1467 431 1574 Juvenaris
447 1502 548 1583 ellipsi
561 1503 642 1565 verbi
656 1503 751 1565 subst.
767 1502 866 1564 multo
879 1499 994 1580 largius
1007 1517 1097 1580 quarn
1110 1500 1225 1580 priores

176 1610 275 1688 poetae
297 1610 403 1685 utitur,
428 1615 458 1673 et
478 1610 629 1691 imprirnis
640 1609 794 1673 indicativi
809 1607 899 1670 tertia
909 1608 1067 1688 praesentis
1083 1605 1227 1686 temporis

177 1733 306 1795 persona
334 1717 442 1798 (prima
464 1719 495 1780 in
518 1723 575 1782 sot.
598 1719 630 1780 ll
653 1737 679 1781 v.
704 1721 744 1780 22
771 1716 840 1796 Quo
864 1715 1004 1778 deterior
1027 1713 1079 1777 te?
1112 1714 1228 1778 omissa

177 1821 342 1902 invenitur)
367 1827 432 1887 tarn
455 1826 626 1905 frequenter
648 1824 727 1905 opud
751 1842 819 1885 erun
844 1823 1004 1898 omittitur,
1039 1823 1161 1885 uthere
1183 1820 1224 1882 el·

176 1926 266 2011 lipsis
300 1930 447 2011 singulari
480 1932 578 1995 colore
612 1949 686 2011 opus
709 1931 774 1993 eius
798 1929 983 2010 distingrere
1002 1929 1072 2010 jure
1096 1928 1243 1990 ditatura

180 2035 376 2100 Praeteritum
398 2038 481 2101 verbi
504 2040 635 2118 tempus7
659 2038 738 2118 quod
752 2037 784 2099 in
798 2037 957 2098 sententiis
970 2035 1122 2119 primariis
1135 2038 1227 2115 atque

179 2143 365 2206 secundariis
378 2145 481 2208 erebro
494 2144 648 2208 omittitur
661 2144 741 2219 (Vll,
750 2147 822 2219 200,
830 2144 916 2216 XIII,
930 2147 1070 2215 49—513
1084 2148 1121 2206 41
1131 2145 1227 2215 —433

178 2248 425 2333 illusa—63),
447 2252 479 2313 in
502 2251 652 2314 sententia
673 2250 800 2312 relativa
823 2251 915 2313 senrei
940 2251 1084 2313 ornissnnr
1109 2248 1227 2312 inveni-

178 2360 243 2418 tur:
267 2356 322 2433 Vl,
335 2361 396 2422 557
410 2357 603 2438 Praeerpeus
616 2361 723 2420 tameo
739 2356 920 2429 aetherem,
934 2359 991 2437 qai
1001 2357 1123 2436 sapias
1135 2354 1227 2432 aruh

180 2463 318 2528 tutururn
354 2467 456 2528 autern
490 2468 612 2546 tempus
646 2483 795 2545 nusquam
825 2464 985 2542 omittitur,
1021 2464 1105 2527 etin
1127 2480 1226 2541 versu,

180 2571 231 2651 qui
255 2573 285 2634 in
308 2573 403 2636 satira
425 2577 510 2635 serta
531 2572 643 2653 legitur
659 2575 760 2648 (21Ο);
784 2568 1228 2653 [pitorlouperor'uorota'lis

178 2678 232 2743 a'llo'
271 2679 368 2756 Uxor,
413 2680 563 2760 quisquis
591 2680 653 2742 ero't
683 2679 785 2742 bonos
818 2680 1044 2759 optandusque
1076 2679 1225 2752 mauros,

180 2788 304 2850 verbum
330 2790 416 2850 aute
440 2788 590 2850 sententia
612 2787 740 2849 relativa
768 2787 806 2849 ad
827 2788 1004 2869 primariam
1026 2787 1225 2849 revocandum

179 2896 235 2969 est,
270 2895 348 2975 quod
373 2913 557 2975 quamquam
580 2893 676 2956 rarius
699 2894 742 2968 tit,
777 2900 879 2956 tamen
913 2895 943 2957 in
974 2912 1062 2975 prosa
1092 2894 1228 2957 oratione

179 3001 342 3077 invenitur,
376 3003 439 3081 aut,
477 3002 556 3083 quod
585 2999 705 3073 malim,
741 3004 787 3063 est
820 3002 1013 3067 audiendum.
1068 3002 1228 3065 luvenalis

180 3107 260 3169 eninr
284 3107 316 3170 in
339 3108 393 3170 tali
417 3108 637 3172 sententiarum
655 3111 798 3194 Junotura
822 3109 964 3190 praesenti
987 3111 1146 3173 sententiae
1164 3111 1226 3190 pri·

180 3215 283 3278 mariae
317 3215 448 3297 tempori
484 3199 622 3280 futurum
656 3217 816 3282 sententiae
850 3218 1034 3281 secundariae
1059 3219 1223 3299 subjungit.

181 3325 240 3390 Ubi
274 3323 443 3387 infinitivus
477 3325 589 3404 passivi
622 3325 783 3407 participio
817 3325 965 3408 praeteriti
998 3325 1144 3408 temporis
1179 3325 1228 3389 vel

180 3431 346 3515 gerundivo
368 3431 437 3493 addi
460 3431 597 3507 debebat,
620 3433 715 3496 etiam
736 3433 767 3494 in
790 3433 963 3495 accusat-iro
986 3451 1055 3494 oum
1077 3432 1228 3496 infinitivo

180 3539 297 3621 passim
320 3538 481 3611 omittitur,
506 3559 574 3620 quae
596 3539 714 3624 ellipsis
737 3541 774 3602 ad
797 3540 963 3602 sententias
986 3557 1106 3620 quoque
1122 3543 1226 3603 exten·

181 3647 273 3720 ditur,
297 3645 394 3726 qualis
417 3648 478 3708 est:
512 3647 616 3726 Quum
639 3646 721 3708 diets
738 3646 854 3726 juveni
876 3644 1020 3717 stultum,
1051 3647 1108 3725 qai
1131 3645 1226 3710 donet

181 3754 284 3817 amieo
301 3751 395 3828 (XIV,
418 3754 504 3827 253).
551 3751 742 3836 Conjunctiri
760 3753 917 3834 praesentis
940 3753 1086 3834 temporis
1109 3753 1229 3838 ellipsis

180 3862 212 3925 in
235 3859 471 3941 interrogatione
487 3862 628 3941 pendenti
637 3860 807 3934 (luvenalis
825 3863 928 3923 autern
945 3860 976 3922 in
1000 3861 1053 3923 tali
1077 3861 1228 3925 sententia

180 3967 377 4032 indicativum
402 3986 461 4030 non
482 3968 578 4048 ponit)
602 3967 890 4052 sapiusinrenitur:
913 3968 971 4045 ΙΙΙ,
996 3972 1029 4032 51
1051 3969 1229 4048 roaoooe

182 4076 337 4140 divitibus
359 4093 439 4156 pens
461 4075 687 4155 acceptissimo
709 4075 842 4150 nostris,
880 4075 926 4137 Et
959 4094 1039 4154 quos
1060 4077 1230 4156 praecepere
