2694 4582
379 269 422 321 De
441 269 588 333 infinitivo,
608 267 784 333 imperativo,
802 267 964 336 participio.
1135 271 1196 334 183

142 473 257 554 pouen's
281 476 312 536 et
326 472 533 536 condicionem
545 472 658 536 actioni
673 471 822 552 primariae
843 477 1008 535 annectens
1025 490 1120 534 unum
1138 470 1196 534 ali-
1239 509 1243 516 -

100 595 102 599 ·
140 599 233 660 quem
256 581 459 661 amplectitur,
483 579 643 643 iuvenalis
667 597 721 660 pet·
742 578 892 660 pluralem
910 597 1069 641 numerum
1092 581 1195 641 totum

210 919 289 984 poris
309 919 451 984 generalis
472 919 596 972 notionis
616 919 679 972 loco
698 934 750 985 pro
762 917 939 971 substantivo
959 917 1083 983 positum
1102 932 1193 983 gram-

209 1003 305 1055 matici
336 1003 458 1067 subJ'ecti
487 1003 532 1056 vel
551 1033 583 1042 —
602 1019 666 1055 raro
688 1032 717 1040 -
739 1001 845 1069 objecti
862 1001 957 1054 locum
975 1007 1066 1054 tenet:
1094 1001 1190 1068 Epist.

210 1087 232 1151 Ι,
256 1089 299 1152 17,
318 1090 351 1142 ts
374 1088 460 1137 Coram
477 1106 532 1152 reye
549 1107 594 1138 sna
616 1088 645 1137 de
665 1097 812 1152 paupertate
830 1095 931 1135 tacentes
950 1086 1012 1136 Plus
1027 1095 1137 1150 poscente
1147 1087 1192 1150 se-

185 1186 187 1192 ’
208 1181 273 1232 rent,
295 1171 356 1222 sat.
376 1172 403 1237 Ι,
426 1173 456 1236 3,
475 1175 507 1227 75
528 1172 634 1236 AEquam
653 1182 688 1221 est
706 1172 818 1221 Peccatis
835 1172 926 1220 veniam
943 1179 1075 1236 poscentem
1092 1168 1192 1218 reddere

207 1274 313 1316 narrate
327 1255 386 1316 Sat.
407 1255 429 1320 Ι,
450 1258 479 1321 1,
498 1258 531 1310 12
548 1257 642 1306 Felices
660 1256 750 1305 clamet
766 1256 868 1305 visentes
885 1256 996 1321 innrbe,
1027 1260 1076 1306 aut
1095 1253 1188 1306 dativo

213 1354 280 1391 casu
298 1339 424 1405 positum
452 1339 646 1392 condicionem
675 1347 813 1392 statumve
841 1338 946 1390 actioni
964 1338 1106 1405 primariae
1126 1337 1191 1389 sub-

206 1423 313 1488 jungit:
332 1423 425 1489 Epist.
444 1423 480 1489 II,
495 1426 522 1485 2,
539 1424 555 1478 9
577 1423 640 1481 Quin
650 1425 720 1474 etiam
730 1434 798 1483 canet
815 1423 929 1473 indoctum
946 1423 992 1475 sed¹
1006 1423 1074 1472 dulce
1092 1422 1178 1471 bibenti
1183 1437 1190 1484 3

208 1508 243 1558 A.
266 1509 294 1558 P.
315 1509 365 1562 3t9
383 1508 540 1571 Poscentiqne
557 1526 653 1573 orarem
669 1527 776 1573 perseepe
793 1510 892 1558 remittit
908 1517 1013 1572 aentam3
1038 1505 1096 1558 Sat.
1115 1505 1143 1570 I,
1163 1507 1189 1570 1,

205 1593 238 1645 49
261 1592 327 1648 Quid
343 1593 434 1655 reserat
455 1593 520 1641 intra
537 1591 641 1642 Natnroe
655 1594 730 1657 sines
747 1594 836 1643 viventi
845 1594 936 1657 jnqera
962 1601 1050 1641 centnm
1067 1609 1100 1640 an
1118 1589 1190 1640 Mitte

208 1686 269 1727 aret.
304 1675 425 1728 Restant
443 1675 497 1727 duo
522 1675 593 1741 loci,
621 1677 722 1740 quibus
748 1676 883 1727 Horatius
903 1675 1024 1726 dativum
1043 1673 1188 1741 participii

205 1759 284 1812 nullo
304 1759 496 1811 additamento
516 1759 627 1825 adjecto
647 1760 744 1825 paullo
765 1759 863 1813 durius
883 1759 1014 1824 vocibus,
1039 1773 1101 1823 quae
1121 1765 1187 1810 sunt

204 1843 264 1892 idem
283 1851 311 1896 et
328 1844 428 1908 similes,
458 1843 632 1908 adjunxerit:
660 1844 764 1894 Inuitum
791 1847 832 1909 qni
848 1854 941 1912 servm,
969 1844 1029 1894 idern
1047 1845 1108 1899 feeit
1126 1843 1186 1892 occi-

202 1927 269 1977 denti
280 1945 286 1991 ;
306 1927 365 1978 Sat.
386 1927 422 1994 ΙΙ,
442 1931 466 1994 5,
485 1929 518 1981 92
536 1928 641 1977 Multam
658 1929 745 1978 similis
762 1930 878 1980 metuenti.
935 1927 982 1980 Sic
1000 1926 1137 1994 Virgilius
1158 1932 1187 1978 et

203 2010 320 2063 Ovidius
332 2011 454 2063 dativum
472 2011 617 2077 participii
637 2010 788 2078 adjectivo,
810 2012 885 2077 quod
904 2012 1061 2075 estsimilis,
1083 2009 1182 2063 crebro

206 2095 325 2147 addunt:
343 2097 461 2162 primum
480 2096 528 2146 ubi
547 2110 671 2160 persona
696 2096 791 2160 aliqua
810 2097 942 2148 simulate
962 2110 1047 2163 agere
1067 2094 1113 2147 vel
1131 2095 1182 2146 im-

202 2179 325 2245 prudens
344 2180 468 2246 speciem
492 2180 562 2231 certi
578 2180 791 2233 animiaffeetus
810 2197 869 2249 prae
889 2197 919 2234 se
939 2184 1011 2234 ferre
1032 2179 1137 2232 dieitur
1153 2206 1186 2214 —

203 2266 243 2326 (ut
261 2263 323 2315 loeo
342 2263 510 2329 Horatiano,
531 2278 612 2328 quem
637 2279 724 2331 supra
746 2265 908 2330 posuimus:
927 2268 1015 2316 Davus
1032 2265 1066 2314 sis
1084 2265 1184 2313 comicas

197 2357 271 2412 etque
290 2347 344 2398 Stes
361 2349 451 2411 obstipo
477 2349 555 2412 eapite
581 2348 676 2397 ntultnm
703 2350 789 2399 similis
816 2353 937 2415 metuenti3
966 2349 1043 2401 (ivid.
1063 2349 1182 2400 Metam.

199 2433 256 2497 ΙΙΙ,
282 2433 333 2486 650
356 2431 414 2480 Tum
433 2432 490 2481 deas
516 2432 618 2482 illudens
637 2473 643 2485 .
664 2473 670 2484 .
691 2469 699 2486 .
717 2432 752 2482 Et
770 2434 845 2496 flenti
869 2435 955 2483 similis
1034 2448 1088 2498 quo
1117 2432 1183 2485 loco

201 2516 270 2568 deus
289 2522 392 2568 nautas
417 2515 538 2568 irridens
566 2516 656 2569 fiebili
676 2516 759 2569 modo
789 2532 837 2568 eos
858 2517 1013 2582 alloquitur
1030 2519 1080 2569 etr.
1102 2517 1181 2569 Ovid.

200 2601 267 2652 Met.
285 2601 328 2666 ΙΙ,
349 2602 406 2665 590,
426 2600 473 2652 ubi
492 2607 579 2666 poeta
602 2600 636 2652 de
663 2607 751 2652 matre
780 2600 808 2651 iu
837 2616 931 2654 ursam
949 2608 1057 2653 mutata
1076 2608 1105 2654 et
1123 2601 1183 2654 filio
1283 2629 1285 2634 ·

199 2684 309 2736 obviam
327 2687 404 2737 facta
422 2685 476 2736 hoc
496 2685 577 2736 dicit:
597 2686 700 2736 Restatit
718 2685 816 2735 Arcade
834 2687 884 2735 viso
902 2686 936 2735 Et
954 2687 1101 2750 coenoseentr'
1116 2687 1181 2736 simi·

198 2768 296 2832 lisfait)
310 2798 339 2806 -
353 2769 454 2821 deinde
465 2769 657 2835 ubipersona
678 2783 740 2833 quae
760 2769 788 2820 in
808 2772 911 2821 cottatu
928 2775 1065 2834 versatur,
1086 2769 1183 2822 simili-

199 2853 322 2905 tudinem
351 2840 481 2906 hominis
497 2868 557 2905 rem
585 2854 712 2906 assecuti
740 2853 813 2919 gerit
831 2853 919 2920 (Virg.
936 2856 1012 2907 Aen.
1038 2853 1104 2915 XII,
1132 2858 1183 2910 754

198 2937 283 2986 Hoeret
301 2937 385 3002 hians,
406 2941 462 3004 jam
479 2942 578 3004 jamque
602 2948 674 3004 tenet,
703 2938 837 3002 similisque
855 2940 941 2988 tenenti
956 2939 1079 3004 Increpnit
1096 2941 1182 3006 males3

200 3019 428 3088 Ovid.,MetV11‚
446 3024 495 3077 785
514 3023 623 3072 Imminet
633 3023 670 3071 tac
679 3023 829 3086 sequiturque
843 3040 928 3087 parem
946 3024 1076 3088 similisque
1094 3026 1182 3088 tenenti

195 3107 343 3171 nauteam),
364 3121 426 3171 quae
446 3112 537 3159 status
552 3107 612 3174 jam
628 3106 687 3171 jam
706 3106 837 3158 intrantis
856 3106 936 3159 notio
956 3107 1013 3174 ipsi
1042 3108 1181 3161 locutioni

199 3191 257 3243 fere
276 3189 428 3255 subjicitur
446 3189 507 3255 (cfr.
526 3189 601 3257 Virg.
624 3191 695 3243 Aen.
715 3189 767 3253 Vl,
788 3192 838 3245 662
857 3190 927 3241 Siler
937 3196 994 3259 jam
1004 3194 1059 3257 jam
1078 3193 1181 3258 lapsura

198 3274 337 3339 sedentique
354 3275 463 3324 Imminet
472 3275 599 3340 assimilis)
609 3305 643 3313 -
654 3275 753 3327 crebro
765 3274 886 3340 denique
906 3275 1076 3344 adjectivum
1093 3277 1181 3328 sinitis

198 3374 260 3412 cum
279 3359 372 3411 dativo
391 3359 535 3426 participii
555 3360 687 3424 subJ'eeto
708 3360 829 3412 aetionis
841 3359 1002 3427 adjunctum
1023 3375 1113 3428 prope
1134 3361 1181 3414 ad-

193 3443 285 3495 verbii
305 3443 368 3495 loco
388 3443 495 3496 actioni
514 3443 656 3510 primariae
681 3444 799 3510 adjungi
818 3443 930 3496 videtur
949 3445 1029 3510 (Met.
1050 3444 1109 3511 VH,
1128 3449 1180 3502 502

199 3529 314 3593 (Cervus)
333 3537 415 3592 questu
427 3529 574 3593 imploranti
589 3529 673 3578 similis
691 3539 773 3579 tectum
791 3548 856 3580 omne
873 3530 995 3594 replebat,·
1014 3528 1093 3582 Ovid,
1112 3530 1181 3582 Met.

195 3613 249 3678 ΙΙΙ,
268 3614 318 3666 940
337 3613 448 3679 (Cervus)
467 3613 554 3663 sinaitis
572 3615 668 3677 nonanti
689 3615 830 3672 Circumfert
853 3616 939 3664 taeitos
961 3613 1061 3677 vultus).
1099 3613 1179 3667 Simi-

194 3697 249 3749 lem
269 3696 403 3761 loquendi
423 3696 541 3748 formam
553 3697 752 3762 priorHoratii
773 3699 853 3751 locus
871 3699 998 3765 praebet:
1016 3698 1121 3748 Invitum
1140 3702 1181 3764 qm·

193 3792 276 3833 servat
294 3782 355 3832 idem
362 3784 424 3843 facit
431 3783 546 3832 occidenti
553 3803 586 3828 =
596 3781 670 3834 idem
688 3782 853 3849 incitatque
867 3783 897 3836 'si
918 3783 1031 3836 occidat
1050 3784 1181 3847 (eundem

195 3867 318 3926 inritum,
334 3881 368 3918 ex
378 3867 456 3918 iuviti
467 3867 541 3919 enim
555 3866 633 3919 illius
643 3866 762 3919 hominis
777 3867 888 3934 judicio
908 3869 1051 3920 sententia
1068 3868 1181 3935 dieitur)

194 3967 250 4005 nou
272 3972 304 3996 =
322 3950 397 4003 idem
408 3952 478 4003 t'aoit
488 3957 573 4016 atque
593 3949 626 4016 is,
647 3951 694 4016 qui
705 3952 818 4017 oceidit,
839 3967 900 4018 quae
912 3951 1179 4005 verbaexitumnon

192 4035 307 4088 habent.
320 4027 1181 4103 Adjeetivumsr‘mitr'snullamcomparationenintersubjeetum

193 4120 313 4173 aetionis
323 4121 495 4174 ethominem
506 4121 689 4175 eandemrem
698 4127 827 4188 agentem
838 4121 1098 4188 instituit,sedduae
1106 4122 1180 4176 eius.
