2694 4582
194 302 236 366 52
473 299 515 351 Ile
534 298 668 351 liberiore
687 297 835 351 verborum
853 298 958 364 positu.

189 505 336 583 membro,
370 503 419 567 cui
446 503 477 566 in
501 520 588 584 prosa
611 503 744 567 oratioue
767 503 882 565 suifixae
906 505 1016 576 esseut,
1044 520 1101 565 uon
1124 503 1167 565 ita
1190 503 1237 565 di-

190 610 357 687 velluntur,
392 612 427 674 ut
458 610 549 674 verbo
579 610 797 674 enunciationis
833 608 881 672 uel
910 609 962 671 alii
990 610 1056 673 voci
1079 610 1237 691 utriusque

192 699 323 782 membri
356 718 507 781 communi
542 712 733 800 subigantur,
767 734 863 797 neque
896 736 911 778 a
946 717 1045 797 prima
1077 709 1238 780 sententiae

193 825 474 889 vcce‘divelluutur
496 829 527 888 et
549 825 602 889 alii
625 825 800 906 affiguntur,
835 825 913 905 quod
936 825 1078 905 loquendi
1101 843 1196 904 genus
1220 842 1238 887 a

102 953 104 958 ’
188 933 339 998 iuvenale
358 950 415 996 non
435 933 615 1008 adhibitum,
639 951 733 1014 quum
755 931 834 1012 apud
856 933 970 1013 priores
993 932 1071 994 nihil
1093 932 1237 996 usitatius

59 1026 64 1038 ’
191 1041 241 1121 sit,
278 1042 457 1104 documento
491 1043 547 1116 est,
581 1042 764 1130 quantopere
798 1040 885 1120 poete
918 1039 1066 1120 pedestris
1095 1039 1238 1103 orationis

188 1147 330 1229 loquendi
353 1147 466 1211 formas
489 1146 700 1228 amplectatur.
757 1147 949 1210 Hermannus
971 1147 1001 1208 iu
1026 1147 1156 1210 editione
1178 1147 1237 1211 Ju-

189 1255 305 1319 venalis
338 1258 435 1337 poetae
469 1254 563 1317 talem
597 1254 753 1335 particulae
782 1255 1048 1335 transpositionem
1076 1253 1237 1318 obtrudere

189 1367 313 1427 conatus
347 1367 400 1427 est.
456 1363 492 1425 ln
525 1362 618 1426 satira
651 1362 732 1424 enim
764 1361 836 1435 xil,
868 1361 920 1424 ubi
954 1380 978 1425 a.
1014 1382 1040 1425 v.
1081 1365 1136 1427 107
1172 1362 1238 1425 haec

190 1471 302 1552 scripta
324 1473 410 1534 sunt:
525 1483 527 1487 ·

603 1621 701 1703 Tyrio
718 1642 840 1702 parcre
863 1621 1011 1686 sotebant

235 1729 422 1794 Hannibali
445 1735 475 1794 ct
495 1730 623 1794 nostris
645 1730 780 1793 docthcs
802 1729 932 1813 rapique
953 1730 1100 1794 Molosso

232 1838 361 1901 Horam
384 1839 524 1901 maiores
547 1835 586 1900 ac
610 1837 703 1901 dorso
720 1837 813 1920 serra
835 1838 987 1911 cohortes

234 1945 367 2009 Portant
391 1945 536 2029 aliquant
559 1944 633 2009 hellc'
656 1949 688 2070 et
710 1951 834 2010 estatem
856 1948 892 2009 c'a
908 1945 1040 2026 proclia
1063 1950 1194 2008 torrent.

193 2118 388 2180 Hermannus
411 2134 529 2179 comma
557 2122 626 2197 post
655 2115 798 2178 cohortes
832 2117 963 2197 positum
998 2117 1087 2189 delet,
1119 2120 1153 2179 ret
1185 2135 1239 2196 pro

193 2224 268 2288 belh'
308 2223 413 2287 scribit
452 2222 587 2305 bellique
625 2224 728 2301 (codex
768 2223 848 2286 euim
886 2224 1070 2287 Pithoeanus
1115 2222 1240 2305 helliqct

192 2332 299 2405 habet3
324 2350 378 2394 uox
402 2330 573 2412 praescribi
598 2333 781 2411 coeperest,
806 2349 904 2393 errore
923 2331 1131 2394 animadverso
1154 2331 1243 2394 litera

96 2506 100 2513 ,
190 2439 256 2521 jam
282 2438 394 2519 scripta
416 2439 574 2513 remansit)
604 2437 825 2520 lectionemque
856 2457 943 2501 suam
965 2439 1010 2500 ita
1032 2438 1175 2512 defendit,
1209 2441 1245 2501 ut

198 2546 381 2628 particulam
405 2566 463 2629 quc
486 2547 684 2610 substantiva.
704 2523 775 2628 ‘quae
799 2549 870 2610 sunt
892 2546 1037 2610 cohortes
1060 2550 1243 2621 othuram,

191 2655 321 2737 jungere
344 2658 433 2735 atque
457 2672 544 2717 voces
567 2653 702 2717 Partem
731 2691 767 2700 -
795 2654 927 2734 proelio
949 2673 1002 2735 per
1024 2655 1242 2735 appositionem
1335 2648 1337 2653 ’

195 2761 353 2844 posteriori
375 2762 445 2824 addi
469 2762 558 2825 dicat.
603 2761 653 2825 Sic
682 2764 784 2825 autem
806 2763 965 2826 luvenalis
987 2779 1134 2842 nusquam
1159 2761 1243 2824 dixit.

195 2870 383 2933 Particulam
397 2889 456 2952 pac
469 2869 619 2946 interseri,
643 2870 707 2932 eius
718 2869 862 2951 loquendi
873 2889 947 2933 usus
965 2888 1024 2932 non
1044 2869 1124 2942 sinit,
1146 2888 1244 2950 ueque

195 2977 294 3053 verba,
320 2996 386 3058 quae
410 2981 482 3040 sunt
504 2980 629 3040 caetera
643 2977 680 3039 ta
696 2976 836 3056 proelia,
849 2966 980 3058 appositi
997 2978 1062 3040 loeo
1085 2996 1153 3040 curn
1177 2977 1244 3039 sub-

195 3085 326 3149 stantivo
342 3089 464 3148 torrem
477 3083 583 3169 juncta
595 3103 661 3148 esse
673 3086 808 3165 possunt,
832 3103 900 3147 nam
913 3085 1108 3166 participium
1120 3088 1245 3148 cautem

195 3192 382 3256 substantivi
405 3211 477 3255 casu
496 3192 529 3254 ‘iu
554 3192 660 3254 eodem
682 3191 875 3255 hemistichia
897 3193 1029 3273 positum
1046 3195 1078 3255 et
1099 3193 1244 3274 praeposi-

197 3299 279 3362 tione
303 3318 372 3362 cum
395 3318 467 3362 casu
490 3300 527 3362 ab
551 3318 585 3362 eo
609 3299 793 3381 disjunctum
818 3299 996 3363 attributive
1014 3300 1047 3362 ei
1076 3299 1245 3364 necessario

196 3407 339 3469 adhaeret.
396 3409 489 3471 Recte
524 3409 627 3471 autem
648 3407 842 3470 Hermauuus
874 3427 908 3470 ex
931 3408 1035 3471 eodem
1060 3407 1163 3470 codice
1191 3427 1244 3488 pro

197 3518 338 3578 taratara
357 3515 518 3578 substituit
531 3519 662 3579 torrem.
696 3513 728 3578 Si
744 3517 885 3577 iuratum
908 3514 988 3578 euim
1010 3514 1133 3595 legitur,
1156 3532 1245 3578 voces

197 3621 331 3685 Partem
355 3659 393 3667 -
419 3628 560 3686 turmam
596 3622 741 3686 vocabulo
764 3622 908 3686 cohortes
941 3642 993 3704 per
1027 3622 1246 3704 appositionem

196 3730 409 3813 adjunguntur,
435 3728 514 3809 quod
537 3729 709 3811 appositum
731 3731 806 3793 mire
829 3730 969 3813 languet3
992 3731 1018 3794 si
1035 3730 1246 3794 turrcmscri-

197 3837 288 3911 bitur,
312 3837 371 3901 tria
393 3836 529 3900 membra
552 3837 681 3918 aequalia
695 3837 740 3900 ita
756 3838 937 3920 junguntur,
961 3841 1004 3913 ut,
1023 3839 1076 3920 qui
1087 3839 1246 3903 luvenalis

197 3947 341 4018 estmoe,
365 3944 471 4026 primis
494 3944 558 4007 sine
582 3945 792 4026 conjunctione
815 3946 924 4027 positis
947 3947 1076 4010 tertium
1098 3945 1247 4027 particula

198 4053 371 4134 copulativa
394 4054 581 4115 annectatur.
627 4051 716 4115 Pars
738 4053 813 4117 cetur
843 4055 897 4116 aut
919 4053 1068 4143 machinae
1092 4056 1246 4127 suniam,

198 4161 278 4242 quod
300 4159 415 4236 malim,
439 4160 497 4223 dux
520 4159 569 4222 vel
592 4161 732 4242 egregius
754 4160 852 4234 miles,
875 4161 928 4225 cfr.
948 4160 1032 4242 Virg.
1045 4160 1123 4224 Aen.
1134 4161 1172 4237 X,
1184 4164 1245 4226 427
1288 4187 1291 4194 ·
