2694 4582
378 293 419 344 De
437 291 585 356 infinitivo,
604 290 782 358 imperativo,
800 288 964 355 participio.
1136 270 1192 355 {81

144 519 222 563 veru
255 518 294 560 ac
332 495 511 578 manijcstc
534 499 709 562 canentem,
731 495 896 558 Juvenalis
930 510 1013 555 more
1039 491 1160 572 Virgilii
1174 494 1196 570 ¹)

145 617 214 689 post
227 606 393 668 orationem
401 604 537 666 habitam
560 603 753 683 participium
776 603 813 664 ad
826 618 986 681 personam
1003 599 1105 675 refert,
1120 619 1190 681 quae

144 714 247 778 locutu
266 716 322 791 est,
346 716 378 774 et
400 712 432 773 in
454 715 512 773 sat.
526 709 621 772 XVr.
635 713 693 775 48:
717 708 845 771 Facilis
866 709 1006 770 uictoria
1029 706 1067 770 dc
1090 706 1194 769 modi-

146 820 198 883 dt's
220 824 250 882 ct
271 818 395 881 Blaesis
416 821 514 907 atquc
535 836 622 879 mero
645 817 871 889 titubantibus,
893 815 1090 896 participium
1112 834 1194 895 prte-

146 927 323 992 cedentibus
346 925 504 1008 adJectiris
527 929 732 998 sustentatum
757 925 873 987 duobus
896 922 1002 985 deiude
1026 923 1116 997 locis,
1141 922 1194 1004 qui

146 1038 232 1099 sunt:
255 1035 300 1109 X,
329 1037 391 1098 243
414 1011 499 1095 Haec.
517 1031 598 1093 duta
619 1052 730 1110 pocae
753 1031 810 1092 diu
832 1031 1022 1100 viventibus,
1044 1033 1081 1091 ut
1104 1049 1193 1092 reno·

174 1351 192 1413 ¹)
211 1349 366 1414 Virgilius,
396 1362 562 1413 quamquam
583 1348 667 1403 activi
686 1347 868 1415 participium
887 1347 1038 1415 praesentis
1058 1345 1196 1412 temporis

214 1434 284 1485 nulli
305 1431 483 1485 substantivo
502 1448 594 1496 neque
614 1432 772 1498 pronomini
793 1431 942 1483 adhaerens
961 1431 1048 1482 multo
1070 1429 1197 1482 crebrius

215 1507 311 1583 ponit,
340 1517 369 1567 in
389 1516 536 1582 participii
555 1516 639 1567 huius
658 1531 710 1568 usu
730 1523 759 1568 et
779 1516 813 1568 ab
834 1516 952 1567 Horatio
972 1522 1002 1566 et
1021 1529 1037 1565 a
1055 1513 1193 1566 tmenale

215 1601 347 1652 declinat.
383 1600 436 1651 Hic
457 1600 530 1651 enim
555 1607 642 1666 poeta
671 1607 719 1650 aut
746 1607 813 1666 post
837 1600 992 1651 orationem
1017 1598 1136 1650 alicuius
1156 1598 1198 1649 ita

215 1684 245 1738 id
265 1684 356 1752 ponit,
375 1693 405 1734 ut
425 1684 459 1734 ad
480 1699 542 1735 eum
564 1685 717 1749 reseratur,
738 1684 786 1748 qui
806 1684 919 1735 locutus
939 1684 976 1734 sit
994 1685 1057 1745 (cir.
1078 1683 1148 1734 Aen.
1166 1681 1193 1733 ΙΙ

214 1770 272 1827 790,
290 1767 336 1832 IV,
355 1770 413 1833 127,
432 1770 490 1832 562,
509 1770 573 1829 390,
591 1767 642 1829 Ἦ,
663 1772 722 1832 467,
740 1769 788 1832 IV,
807 1769 857 1822 219
881 1768 981 1817 Talibus
1000 1776 1105 1816 orantem
1123 1766 1193 1815 dictis

182 1915 186 1923 Ι
215 1870 320 1916 arasque
337 1861 447 1901 terrentem
466 1853 553 1901 Audiit
571 1855 741 1919 ontrripotcna),
760 1853 856 1904 autin
875 1851 1057 1904 adlocutione
1078 1850 1113 1901 ad
1133 1864 1197 1902 eum

214 1939 311 2001 refert,
339 1952 421 2000 quem
448 1951 571 2001 persona
599 1936 717 2001 loquens
746 1937 900 2001 alloquitur
928 1934 986 2001 (IV,
1017 1936 1066 1988 373
1086 1935 1195 2000 Ejectm

216 2021 284 2070 litore
301 2030 403 2085 egentem
420 2022 524 2083 excepi),
553 2029 600 2073 aut
618 2022 666 2072 ubi
685 2022 789 2086 aliquis
816 2024 948 2072 continua
968 2020 1096 2071 oratione
1115 2032 1199 2069 resa
1294 2047 1300 2055 ·

217 2119 247 2156 se
268 2112 347 2156 actas
367 2106 494 2170 exponit,
524 2104 559 2156 ad
578 2104 740 2169 loquentem
760 2108 846 2158 refert
859 2135 888 2142 —
910 2104 967 2171 (111,
988 2106 1045 2169 151,
1067 2105 1115 2157 152
1134 2103 1197 2152 Pro-

214 2189 321 2252 sequitur
349 2206 447 2252 surpcus
473 2207 489 2238 a
505 2190 582 2253 puppi
607 2199 686 2238 venna
709 2199 787 2238 cuntes
815 2191 889 2253 (nos)
909 2189 940 2237 Ft
967 2188 1060 2238 taudem
1088 2188 1197 2250 antiquie

220 2273 328 2323 doraum
345 2272 485 2324 adlabimur
502 2275 565 2337 oric,
597 2273 671 2337 quod
691 2273 851 2339 exemplum
876 2288 910 2324 ea
930 2273 963 2323 de
984 2287 1084 2324 caussa
1104 2271 1199 2336 attuli,

217 2356 283 2420 quia
301 2356 364 2406 hinc
384 2358 520 2408 transitus
546 2356 582 2409 ad
606 2357 679 2408 idem
706 2357 886 2423 participium
911 2357 939 2408 in
959 2356 1083 2421 simplici
1101 2370 1195 2406 rerum

216 2440 377 2491 narratione
405 2440 565 2505 ponendum
583 2455 690 2506 pronus
718 2447 770 2492 est.
802 2440 847 2492 Sic
871 2447 957 2506 poeta
986 2441 1015 2492 in
1034 2441 1096 2493 libr.
1117 2439 1140 2489 V
1161 2439 1196 2506 [r.

214 2523 273 2589 777]
294 2524 418 2588 priorem
437 2538 559 2576 versum:
587 2526 747 2589 Prosequitur
768 2544 866 2590 surgens
889 2544 906 2575 a
927 2527 1006 2590 puppi
1022 2535 1102 2574 uentus
1121 2533 1198 2573 cuntes

218 2607 259 2658 ita
276 2608 382 2673 posuit,
401 2615 433 2658 ut
450 2609 642 2674 participium.
664 2608 740 2674 quod
759 2617 803 2661 est
815 2609 975 2675 cuntes(eos)
996 2607 1030 2659 ad
1049 2607 1197 2672 Troianos,

217 2691 251 2743 de
288 2691 390 2755 quibus
417 2699 526 2754 narrat,
555 2694 696 2745 reseratur
729 2695 777 2747 cfr.
813 2694 855 2754 ΙΙ,
893 2694 943 2749 570
969 2694 1087 2756 Errasti,
1106 2693 1200 2756 serenti

218 2775 322 2844 [mihi];
341 2775 449 2842 Vl,360
458 2778 615 2828 Praesentem
626 2778 706 2846 [me];
725 2779 775 2841 ΙΙΙ,
797 2782 846 2834 150
863 2779 915 2829 Visi
931 2788 986 2827 ante
1003 2777 1081 2826 curios
1099 2777 1199 2826 adstrm

208 2861 325 2925 jocata,
345 2860 393 2911 ubi
414 2862 561 2926 genetivus
581 2862 616 2914 ad
634 2879 791 2928 pronomen
809 2882 870 2913 mcor
880 2863 1014 2916 omissum
1032 2860 1197 2912 referendus

132 2946 136 2951 '
217 2945 274 3007 est)
292 2973 326 2980 —
344 2952 393 2996 aut
411 2945 531 3010 denique
552 2946 581 2997 in
599 2947 739 2998 narrando
760 2955 789 2999 et
807 2948 960 3014 perspicua
987 2946 1147 2997 narratione
1167 2944 1196 2997 id

216 3029 295 3080 nullo
315 3028 506 3080 additamento
527 3029 641 3093 adjecto
667 3031 707 3083 ita
734 3032 827 3097 ponit,
856 3038 887 3082 ut
911 3030 946 3082 ad
966 3045 1027 3081 eum
1047 3030 1197 3095 referatur,

216 3112 250 3164 de
271 3128 327 3177 quo
348 3127 439 3165 sermo
469 3113 507 3165 sit
525 3113 583 3177 (lv,
611 3116 660 3168 465
679 3117 738 3180 Agit
763 3118 814 3180 ipsc
824 3119 948 3180 furentem
975 3115 1106 3165 insomnis
1124 3117 1199 3178 serus

214 3198 327 3258 AEneas,
344 3197 393 3250 ubi
413 3197 533 3249 Didonis
553 3197 636 3250 dolor
654 3198 825 3265 depingitur,
846 3200 895 3252 cfr.
915 3200 948 3252 de
969 3200 1067 3252 eadem
1087 3198 1197 3250 Didone

217 3297 240 3332 v.
258 3282 309 3336 298
319 3284 428 3346 sumiti,
456 3298 480 3333 v.
498 3285 548 3336 674
566 3285 713 3348 morientem
731 3287 781 3340 393
799 3286 923 3350 dolentem,
943 3284 974 3348 V,
993 3287 1053 3348 247,
1072 3282 1119 3342 Vl,
1140 3284 1198 3347 100,
1229 3328 1232 3332 .

215 3360 287 3428 495).
325 3365 509 3432 Participium
528 3367 569 3418 sic
589 3368 624 3419 ad
644 3376 751 3421 certam
769 3384 919 3436 personam
938 3372 1075 3434 retertur,
1093 3384 1148 3420 uon
1167 3375 1199 3419 ut

217 3450 293 3516 apud
310 3450 486 3515 Juvenalem,
507 3450 582 3515 quod
601 3467 665 3503 mox
684 3453 850 3518 ridebimus,
870 3453 905 3505 ad
925 3469 996 3517 eam,
1018 3467 1100 3518 quam
1120 3452 1198 3504 addi·

216 3540 343 3587 tamenta
361 3535 388 3586 ei
407 3534 542 3601 adjuncta
560 3534 707 3600 definiunt,
727 3537 777 3590 sed
799 3537 834 3590 ad
853 3552 927 3603 eam,
947 3551 1028 3602 quam
1048 3536 1139 3589 oratio
1159 3537 1198 3589 in-

217 3617 302 3683 dicat,
321 3633 425 3684 neque,
446 3627 478 3670 ut
487 3619 562 3685 apud
572 3620 730 3686 Horatium,
749 3621 893 3687 generalis
913 3621 1032 3688 subjecti
1053 3621 1197 3673 notionem

218 3703 359 3768 continet;
388 3718 452 3755 raro
481 3711 575 3757 tamen
594 3711 681 3771 poeta
700 3705 788 3767 (utin
807 3709 877 3760 Aen.
896 3705 947 3757 lib.
968 3704 1006 3757 IV
1036 3723 1059 3758 r.
1079 3708 1112 3761 65
1135 3704 1201 3763 Quid

215 3791 413 3853 vitasuraucm,
431 3791 491 3854 qued
505 3789 606 3840 ddubra
616 3793 735 3855 jurantt)
763 3789 798 3840 ad
823 3790 897 3842 huno
915 3790 1028 3843 Horatii
1055 3790 1117 3842 eius
1148 3805 1198 3856 po·

216 3872 300 3924 nendi
320 3889 402 3925 usum
422 3876 545 3927 accedit.
566 3890 629 3927 raro
650 3874 744 3926 etiam.
774 3875 1008 3938 quemadmodum
1030 3874 1197 3942 adjectivum

217 3971 326 4022 ponens
346 3959 553 4012 substantivum
572 3973 763 4026 praegressum
775 3959 866 4013 audiri
885 3961 994 4027 patitur
1012 3959 1070 4022 (ΙΙΙ,
1090 3959 1199 4014 crarta

217 4045 320 4107 conripit
350 4046 463 4109 objectm
491 4059 530 4095 sc.
560 4044 670 4110 otiam),
707 4044 792 4096 activi
819 4044 1001 4111 participium
1029 4045 1069 4097 sic
1104 4044 1198 4111 ponite

216 4126 269 4192 VI,
297 4130 344 4181 711
367 4129 451 4192 Fregit
467 4138 613 4178 cunctantem
632 4143 672 4180 sc.
693 4143 809 4180 ramum‘
