2686 4596
175 280 236 344 100
496 275 537 328 De
556 275 706 342 particulis
726 274 904 343 copulatius.

176 481 266 543 minae
290 498 379 543 saeuae
402 477 527 558 capillos
551 481 742 560 componunt,
776 479 808 541 hi
835 496 940 542 versus
968 478 1111 560 leguntur
1133 485 1171 550 (a.
1195 499 1223 543 v.

173 587 250 666 497)
262 608 268 646 :

216 799 279 863 Est
301 801 337 862 iu
361 798 496 862 coasilio
520 803 671 861 materua
694 799 888 879 admotaque
911 799 999 863 lauis

216 908 368 970 Emerita
390 925 462 986 qua
484 909 590 969 cessat
611 926 693 969 acu:
715 909 880 970 seutcutia
896 909 1011 988 prima

216 1015 332 1078 Huius
355 1015 436 1091 erit;
453 1017 532 1093 post
554 1012 639 1076 uam
661 1017 756 1076 aetate
778 1018 877 1094 atque
900 1019 970 1078 arte
992 1015 1134 1078 miuorcs

222 1121 412 1201 Ceusebuut,
436 1125 604 1200 tamquam
619 1120 724 1202 samec
747 1121 922 1185 discrimem
944 1125 1066 1202 uqatur

217 1230 435 1292 Aut'auimce.
477 1229 585 1291 Tauta
608 1231 655 1291 est
680 1221 846 1307 qu'oereudi
869 1249 950 1292 cura
973 1228 1107 1306 decoris,

226 1337 290 1399 Tot.
302 1337 425 1416 premit
447 1335 628 1412 ordinibus,
652 1339 699 1398 tot
720 1336 827 1399 adhuc
850 1335 1059 1416 comquqibus
1081 1333 1185 1398 ultum

224 1443 386 1527 AEdificut
409 1447 515 1524 caput.

176 1659 289 1722 Vetula
312 1659 458 1740 irraesidet
481 1660 512 1719 et
534 1658 633 1737 prima
655 1659 839 1722 sententiam
862 1657 946 1730 dicit,
970 1659 1040 1738 post
1051 1657 1230 1720 cammina-

176 1784 225 1828 res
248 1770 332 1837 natu,
357 1771 513 1844 tamquam
537 1766 626 1827 famae
648 1769 702 1828 aut
715 1766 825 1828 animae
841 1765 1004 1827 discrimen
1015 1765 1131 1844 agatur,
1155 1781 1228 1826 oen·

178 1890 247 1934 sere
271 1872 424 1934 dicuntur.
471 1871 514 1932 Ex
537 1871 662 1952 uulgata
685 1874 764 1935 euim
783 1890 927 1936 versuum
939 1871 1132 1934 distinctione
1144 1870 1229 1933 locus

178 1979 223 2042 ita
256 1978 442 2041 enarrandus
471 1981 526 2053 est,
568 1981 603 2040 ut
633 1981 686 2041 aut
715 1979 815 2050 verba,
850 1997 916 2060 quae
951 1982 1023 2041 sunt
1062 1980 1230 2057 tamquam

178 2084 276 2162 famae
294 2084 454 2163 dicrimeu
477 2083 679 2165 aqaturAut
701 2087 829 2162 auimce,
853 2106 922 2148 oum
944 2085 1126 2150 Ceusetuut
1147 2086 1230 2148 aratu

178 2192 386 2274 conjungenda
408 2192 478 2266 siut,
502 2195 533 2254 et
555 2192 738 2255 cohaerentia
759 2193 825 2255 haec
848 2193 901 2256 sit:
935 2192 1120 2256 »amatrices
1142 2192 1231 2255 tanta

177 2299 327 2381 gravitate
341 2298 514 2372 censebunt,
527 2300 684 2379 tamquam
698 2318 757 2363 uon
768 2301 804 2362 do
817 2318 902 2363 coma
914 2300 1119 2380 componenda
1130 2315 1230 2362 sermo

178 2405 228 2479 sit,
252 2407 303 2468 sed
334 2406 425 2468 fama
448 2409 502 2468 aut
523 2405 631 2469 anima
655 2406 817 2470 discrimen
840 2411 975 2487 agatur,<‹
998 2425 1065 2487 quae
1079 2403 1230 2468 enarratio
1254 2386 1258 2391 ’

180 2512 344 2577 sustentari
367 2512 414 2576 vix
438 2515 555 2594 potest3
589 2515 643 2576 aut
677 2516 765 2594 poeta
794 2514 830 2576 de
853 2514 1022 2593 puellarum
1046 2511 1228 2576 ornatrioum

179 2621 261 2684 fama
282 2625 374 2702 atquo
395 2620 505 2683 animis
528 2621 559 2683 in
582 2621 743 2683 discrimen
769 2621 883 2684 vocatis
906 2619 1031 2692 dixerit3
1065 2620 1102 2682 do
1125 2637 1229 2682 earum

179 2747 250 2792 vero
272 2728 354 2790 firma
376 2729 465 2807 poeta
487 2730 568 2790 certe
593 2745 652 2790 uon
675 2727 822 2808 cogitavit
844 2727 894 2790 sed
910 2729 947 2790 do
967 2727 1032 2790 eius
1046 2727 1230 2806 farnaatque

179 2835 287 2900 anima,
318 2853 386 2914 quae
409 2830 578 2915 subjectum
610 2837 657 2898 est
686 2835 842 2915 sequentis
872 2834 957 2897 uerbi
979 2835 1114 2914 premit,
1150 2832 1232 2913 quod

181 2941 352 3022 subjectum
365 2960 422 3004 non
437 2941 618 3004 ornatricem
631 2943 683 3004 sed
696 2943 846 3005 dominam
865 2961 939 3013 esso,
966 2940 1125 3024 sequentia
1140 2939 1231 3002 rerba

181 3047 435 3111 Audromacteu
469 3068 490 3109 a
504 3046 619 3128 froute
640 3048 771 3121 uidebis,
805 3048 886 3111 Post
908 3051 1015 3112 miuor
1038 3051 1094 3123 est,
1117 3045 1231 3110 credas

181 3154 284 3217 utiam
317 3155 392 3217 satis
427 3155 592 3217 declarant.
653 3156 748 3219 Voces
783 3159 950 3236 tamquam
973 3161 1004 3219 ot
1026 3159 1130 3234 tauta,
1165 3173 1231 3234 quae

182 3279 247 3324 cam
273 3262 309 3324 ob
332 3280 397 3323 rem
416 3280 452 3324 ex
463 3262 622 3326 iuvenalis
645 3281 702 3325 usu
725 3263 828 3326 eadam
852 3283 957 3327 versus
980 3265 1050 3327 sedo
1073 3266 1105 3324 et
1126 3261 1232 3325 eodem

172 3368 311 3458 ⁵pondere
335 3368 460 3432 metrico
484 3368 690 3449 designantur,
728 3389 760 3432 se
784 3368 943 3450 excipiunt,
974 3375 1005 3434 ot
1027 3389 1045 3433 a
1066 3368 1232 3451 posteriore

181 3474 321 3554 apodasis
350 3473 464 3555 incipit,
501 3476 693 3557 quamobrem
718 3476 910 3540 scribendum
932 3480 996 3540 est:

233 3624 424 3689 Cemscbuut.
474 3627 654 3707 Tamquam
668 3629 773 3711 famce
796 3627 970 3693 discrimem
993 3633 1115 3710 aqatur

224 3732 295 3794 Aut
317 3734 444 3803 auimce,
469 3737 564 3797 tauta
586 3740 636 3798 est
658 3736 825 3818 quar-reudi
847 3757 928 3800 euru
950 3735 1082 3810 decoris,

183 3901 241 3963 Pro
269 3905 363 3964 tauta
387 3921 497 3982 magna
519 3905 747 3986 codicunr‘pars
771 3907 856 3968 tamti
878 3905 979 3978 habet,
1003 3923 1071 3985 quae
1083 3903 1234 3985 scriptura

182 4027 216 4070 er
240 4028 330 4089 prava
354 4029 493 4072 uersuum
518 4011 712 4074 distinctione
736 4015 766 4074 ct
791 4015 888 4074 torma
922 4011 1081 4075 sentcntiae
1104 4010 1234 4090 abrupta

182 4115 252 4178 inde
288 4117 395 4179 effecta
428 4118 493 4180 orta
523 4136 589 4180 esse
619 4117 738 4181 videtur
767 4120 798 4181 et
820 4119 850 4181 in
874 4118 1056 4182 editionibus
1079 4114 1233 4188 nonnullis
