2694 4582
453 299 497 352 De
514 297 663 366 particulis
681 297 860 366 copulatius.
1132 301 1173 367 69

133 498 454 567 deute'euuuciatioue
477 502 575 583 priore
598 501 699 565 audit:
721 501 836 582 Ecqui
851 501 1174 585 perfraudespotri·

131 612 243 674 monio
264 608 492 690 conduplicare
501 610 667 689 precepit,
689 609 748 672 dot
766 608 954 673 libertatern.
990 612 1063 674 Post
1083 630 1173 672 orreo·

132 739 200 783 rem
214 722 385 799 (umet
399 717 627 798 conduplicare
649 726 687 785 (v.
711 721 785 794 229)
808 720 958 781 commate
980 718 1174 781 incidendum

132 830 188 890 est
232 827 403 889 Pronomeu
435 825 595 888 relativum
629 845 721 903 quera
742 829 783 904 (v.
806 829 889 902 231),
922 829 959 888 ut
990 825 1087 888 obiter
1116 825 1174 888 hoc

132 934 292 1016 amingum
307 933 501 996 Heiuricbius
513 932 692 1012 Rupertium
706 933 888 1013 vituperans,
907 933 958 1013 qui
977 933 1020 996 sic
1032 936 1171 995 enarrat:

135 1061 247 1122 »qoem
269 1039 374 1104 Graeoe
397 1046 428 1103 et
449 1041 535 1103 docte
558 1058 611 1120 pro
626 1039 714 1119 quod
727 1041 791 1103 scil.
804 1040 997 1111 curriculum,
1020 1040 1173 1120 quoniam,¹

132 1149 158 1212 si
180 1167 303 1211 sensum
323 1148 497 1229 respexeris,
531 1148 568 1211 ad
598 1165 708 1228 equum
730 1148 760 1210 h.
784 1167 809 1210 e.
832 1147 929 1212 filium
951 1150 1098 1228 spectat«,
1133 1147 1172 1209 ad

131 1256 302 1337 precedens
323 1255 545 1318 substantivum
573 1273 696 1334 panos
717 1265 756 1327 (v.
783 1257 858 1332 22η
887 1255 1075 1318 referendum
1105 1272 1172 1316 esse

132 1363 215 1438 dicit,
246 1363 299 1426 sed
327 1363 400 1426 talis
421 1363 583 1426 enormitas
612 1363 691 1443 apud
712 1362 891 1426 Juvenalem
926 1380 985 1426 nou
1016 1363 1173 1442 reperitur,

132 1489 283 1551 quumque
305 1487 402 1546 voces,
425 1489 492 1551 qnae
513 1477 688 1551 sequuntur,
719 1488 823 1532 currus
851 1489 939 1551 quam
963 1469 1091 1532 vectoris
1121 1487 1175 1531 no-

132 1577 208 1642 tioni
230 1577 329 1641 multo
351 1578 481 1658 aptiores
503 1578 573 1645 siut,
598 1583 650 1641 aut
673 1577 854 1658 Rupertium
876 1596 938 1640 rem
962 1576 1069 1657 bomem
1094 1576 1174 1638 male

133 1684 312 1755 defendisse,
336 1689 389 1748 aut
411 1690 531 1770 poetam
552 1684 753 1748 masculinum
778 1685 969 1763 (curriculus)
992 1684 1044 1766 pro
1067 1688 1174 1746 neutro

132 1792 267 1873 posuisse
290 1793 466 1855 crediderim
488 1791 542 1855 cfr.
566 1792 589 1864 I,
612 1797 633 1857 5
655 1792 724 1854 Aut
744 1794 862 1854 samari
877 1791 981 1872 pleno
996 1792 1068 1872 jorn
1090 1810 1173 1853 mor-

131 1900 208 1981 or'ne
230 1898 326 1977 loom
362 1900 401 1975 X,
423 1903 484 1965 317
511 1898 675 1980 Quosdam
696 1900 841 1963 moechos
863 1906 893 1964 et
915 1899 1048 1981 monitis
1069 1900 1174 1962 intrat

133 2007 352 2080 (nominativus
374 2007 455 2070 vocis
478 2012 526 2069 est
547 2006 669 2088 munit).

217 2115 255 2176 Iu
277 2115 369 2177 satira
391 2114 530 2195 septima,
563 2114 615 2178 ubi
646 2120 734 2195 poeta
761 2117 904 2179 miserum
933 2116 1086 2178 rhetorum
1111 2114 1173 2177 Bo·

132 2238 291 2285 manorum
324 2221 417 2284 vitam
453 2225 484 2284 et
513 2221 633 2302 quantis
667 2221 817 2285 laboribus
840 2224 1005 2304 egestatem
1030 2223 1076 2285 vir
1099 2222 1174 2284 effu·

65 2382 68 2389 ,
132 2329 218 2409 giaut
240 2327 389 2392 describit.
413 2344 468 2390 av.
482 2331 543 2395 203
562 2329 606 2392 sic
628 2329 774 2410 scriptum
797 2335 857 2392 est:

218 2481 389 2545 Poeoitor't
407 2479 525 2543 inultos
546 2501 639 2544 oonoe
660 2481 844 2561 sterilisque
866 2481 1032 2554 cathedre,

218 2589 310 2653 Stant
335 2589 570 2669 ibrosymocbr'
585 2590 707 2670 probat
729 2590 835 2653 eritne
857 2593 955 2668 atque
978 2587 1117 2652 secono·

221 2697 429 2761 Corriootis:
452 2701 481 2759 et
503 2696 587 2760 bono
608 2699 736 2777 inopem
758 2696 887 2759 vidistis
909 2696 1045 2760 Atbcnoe

216 2804 277 2868 Nil
292 2809 416 2885 proter
436 2803 563 2885 calidos
586 2825 678 2869 aosoe
701 2805 845 2887 conferre
868 2807 998 2869 cicutas.

132 2975 231 3039 Hono
257 2977 298 3057 (v.
321 2977 396 3052 205)
419 2976 612 3039 Heiurichius
635 2975 785 3039 Socratem
811 2996 876 3039 esse
900 2976 986 3047 dicit3
1019 2974 1172 3038 contendit

133 3085 212 3157 onim
235 3102 269 3145 ex
291 3083 360 3164 ipsa·
379 3083 522 3146 orationis
545 3085 726 3146 cohaerentia
748 3103 898 3165 apparere,
932 3083 1016 3146 lonae
1044 3081 1172 3145 eundem

133 3209 198 3253 esse
220 3193 311 3271 atque
332 3190 429 3265 illum,
463 3208 553 3270 qoem
576 3193 705 3254 Atheneo
729 3192 834 3255 veneni
862 3191 984 3273 praemio
1008 3190 1171 3261 affecerint,

133 3317 224 3379 quum
247 3300 347 3360 autern
371 3297 468 3369 verba,
499 3318 565 3378 quae
593 3305 664 3362 sunt
691 3303 720 3362 et
742 3299 834 3373 barro,
857 3299 1053 3380 grammatice
1076 3297 1171 3378 expli-

132 3406 193 3469 cari
214 3407 374 3486 nequeant,
406 3423 525 3468 versum
560 3425 653 3468 unum
688 3409 733 3471 vel
771 3407 871 3488 plures
899 3407 1044 3470 excidisse
1067 3405 1170 3469 credit.

133 3511 191 3590 oui
212 3530 374 3593 pronomen
396 3513 675 3585 demonstrativum,
699 3514 950 3578 tormaoretiouis
969 3516 1094 3585 mnata,
1119 3530 1171 3594 pro

19 3624 21 3630 ’
132 3619 254 3683 relativo
277 3619 450 3699 pronomine
478 3620 611 3700 positum
640 3641 704 3684 esse
733 3622 845 3702 dicunt,
879 3622 1093 3703 grammatices
1121 3636 1170 3681 ra·
1203 3660 1205 3665 -

16 3714 19 3720 ’
131 3727 228 3792 tiones
250 3726 437 3808 perturbant,
462 3746 528 3790 nam
552 3747 714 3809 pronomen
730 3729 1007 3802 demonstrativum,
1030 3727 1080 3790 ubi
1103 3726 1180 3807 pro‘

132 3853 239 3898 nomeu
261 3833 422 3896 relativum
444 3834 595 3915 praecedit,
620 3854 673 3916 pro
694 3827 831 3909 relativo,
859 3837 936 3918 quod
959 3835 1017 3899 alio
1046 3873 1077 3880 —
1103 3852 1170 3897 raro

132 3943 236 4006 eodem
258 3977 300 3986 -
332 3959 402 4004 casu
436 3941 576 4023 subsequi
611 3943 751 4018 debebat,
784 3944 936 4007 interdum
966 3942 1169 4015 substituitur,
1262 3926 1265 3933 ’

131 4068 235 4114 verum
257 4067 413 4130 nusquam,
447 4051 525 4131 quod
546 4051 603 4114 boc
624 4051 689 4115 loco
718 4051 833 4114 factum
861 4070 925 4114 esse
953 4053 1069 4131 putant,
1103 4065 1170 4129 pro-

131 4175 242 4221 uomeu
263 4159 531 4223 demonstrativum
554 4176 588 4221 eo
611 4160 699 4222 modo
721 4158 839 4222 relativi
862 4159 926 4222 vice
956 4157 1101 4239 fungitur,
1136 4159 1171 4219 ut
