2694 4582
604 278 746 332 Praefatio.
1184 285 1203 348 3

156 481 303 566 eligendis
326 486 357 547 et
380 484 412 546 in
435 470 646 547 distributione
668 485 760 565 atque
783 485 962 550 tractatione
979 485 1143 549 electarum
1154 504 1205 549 me

155 622 285 667 errorem
309 603 521 686 subterfugere
544 603 688 686 potuisse,
709 604 787 685 quod
810 605 871 686 jam
894 605 964 683 dixi,
987 624 1047 668 non
1071 607 1203 686 speravi;

154 722 180 785 si
198 722 298 802 plures
320 722 403 786 locos
425 723 625 805 assumpsisse
648 741 739 804 quam
760 722 843 804 digni
867 726 977 797 esseut,
1001 723 1052 805 qui
1070 743 1202 788 comme·

153 845 351 915 morarentur,
387 845 418 905 et
450 841 482 904 in
516 843 554 905 iis
588 818 761 905 enarrandis
789 841 915 923 longior,
946 861 1036 923 quam
1059 843 1104 906 rei
1125 843 1202 909 ratio
1277 811 1280 824 ι

152 964 296 1042 posceret,
331 961 426 1024 fuisse
449 960 621 1036 accusabor,
645 960 760 1024 sicma
783 960 952 1037 defendam,
987 964 1023 1025 ut
1045 980 1096 1026 eos
1119 981 1202 1026 oom-

152 1081 371 1143 memoratione
395 1079 503 1161 dignos
526 1097 574 1141 ma
596 1079 739 1143 habuisse
762 1080 914 1155 confitear,
949 1080 1058 1162 quibus
1080 1081 1202 1163 aliquod

152 1199 269 1263 dicendi
303 1218 410 1280 genus,
445 1199 521 1279 quod
557 1197 589 1261 in
617 1200 800 1280 praecedenti
826 1203 924 1282 poetae
953 1199 1097 1282 loquendi
1129 1219 1203 1264 usus

152 1318 336 1399 expositione
374 1321 538 1380 tractatum
572 1320 660 1392 esset,
703 1319 735 1380 et
766 1317 861 1382 male·
879 1319 1069 1383 intellectum
1103 1338 1201 1401 pravae

151 1437 414 1518 interpretationis
437 1454 576 1500 caussam
600 1436 776 1517 contineret,
800 1440 840 1514 et,
864 1439 889 1501 si
913 1438 1004 1501 verba
1019 1442 1202 1502 exueterum

151 1575 207 1618 usu
234 1573 384 1637 sensuque
408 1556 643 1630 aestimarentur,
677 1559 791 1619 rectam
817 1558 975 1620 enarrandi
997 1557 1076 1622 viam
1100 1562 1203 1622 osten-

151 1675 247 1751 deret,
270 1693 378 1757 meque
401 1675 432 1737 in
455 1674 494 1738 iis
520 1674 713 1756 expediendis
735 1692 854 1757 operam
872 1676 999 1754 dedisse,
1021 1681 1056 1740 ut
1079 1695 1198 1742 sensum

149 1797 250 1858 minus
273 1799 412 1858 accurata
436 1792 592 1857 verborum
617 1793 867 1876 interpretatione
889 1794 1083 1859 obscuratum
1102 1799 1199 1878 poetae

149 1914 290 1996 loquendi
314 1934 372 1977 usu
394 1917 553 1994 perspecto
576 1916 666 1995 atque
689 1931 835 1977 vanarum
855 1914 1001 1984 derebus,
1025 1933 1092 1996 quaa
1105 1914 1201 1996 signi-

148 2034 245 2098 ficatae
267 2034 455 2115 putarentur,
479 2031 683 2122 suspicionum
708 2032 888 2114 ambagibus
919 2033 1043 2097 remotis
1068 2053 1102 2097 ex
1125 2035 1200 2115 ipsis

148 2153 247 2216 verbis
276 2152 453 2233 plerumque
481 2149 597 2214 elucere
631 2153 805 2232 appareret;
839 2151 949 2233 quibus
981 2151 1055 2216 locis
1088 2170 1200 2234 paucos

148 2272 279 2353 adjunxi,
314 2271 372 2352 qui
402 2270 433 2333 in
463 2269 635 2351 disputandi
663 2271 754 2351 atque
778 2271 886 2334 erroris
908 2271 1067 2354 detegendi
1091 2275 1120 2334 11
1143 2272 1200 2335 111-

147 2390 229 2453 lendi
252 2407 361 2469 genere
385 2389 615 2452 similitudinem
640 2389 771 2470 aliquam
796 2390 951 2454 haberent.
997 2389 1084 2469 Quod
1108 2409 1198 2472 supe-

147 2509 261 2571 riorum
293 2509 489 2587 interpretum
524 2526 679 2587 pcrversas
714 2510 874 2573 eorundem
909 2510 1044 2573 locorum
1075 2528 1196 2573 enarra·

147 2627 244 2690 tiones
266 2625 354 2689 attuli
379 2629 411 2689 et
432 2625 524 2706 iniis
548 2624 720 2690 refellendis
742 2628 858 2709 aliquid
880 2646 977 2710 operae
1000 2630 1096 2710 posui,
1123 2629 1193 2692 inde

145 2747 262 2810 factum
297 2749 352 2822 est,
387 2746 467 2826 quod
496 2748 528 2808 ot
551 2763 664 2810 errores
688 2750 719 2809 11
741 2747 889 2828 originem
911 2765 1045 2811 errorum
1067 2748 1192 2810 demon·

145 2867 266 2929 stranda
287 2885 352 2929 esse
376 2865 491 2948 putavi.
551 2864 630 2944 Quia
663 2867 767 2929 autem
796 2866 884 2929 modo
912 2865 1076 2930 editionum
1100 2871 1194 2947 atquc,

144 2986 342 3067 scriptionum
376 3004 493 3062 aarum,
527 3004 602 3066 quas
631 2986 897 3068 annotavicopia
927 2985 1002 3049 mihi
1024 2984 1090 3057 fuit,
1128 2984 1191 3048 fieri

143 3107 252 3187 potest,
275 3107 310 3167 ut
331 3105 362 3167 in
387 3105 609 3169 enarrationem
630 3104 700 3182 loci,
723 3124 792 3186 quae
813 3105 849 3168 ab
872 3105 931 3170 alio
949 3106 1015 3188 jam
1037 3103 1191 3186 proposita

143 3224 192 3298 sit,
215 3223 328 3287 invitus
349 3224 521 3304 inciderim,
537 3224 616 3305 quod
639 3224 665 3288 si
688 3224 840 3302 acciderit,
863 3223 983 3288 laudem
1000 3223 1115 3288 auctori
1129 3241 1189 3287 non

143 3343 328 3406 subtraham.
896 3326 898 3329 ⁵

212 3529 299 3582 Scrib.
316 3529 397 3595 Ripis
417 3529 476 3581 Cal.
497 3528 554 3582 Jul.
574 3544 590 3581 a
608 3527 859 3581 MDCCCLXXIV.
