2686 4596
588 281 631 334 De
651 281 758 348 ellipsi.
831 351 833 354 Α
1135 286 1195 350 143

144 502 160 547 e
184 484 369 548 nominativo
391 484 510 548 relativi
533 484 723 547 accusativus
746 485 882 548 auditur:
931 485 1085 565 Quodque
1108 485 1197 548 clocuc'

143 609 210 654 uou
233 594 281 654 esi
303 594 333 654 et
355 591 450 654 lubet
471 592 599 655 uluuus
621 594 749 654 cuntur
772 591 838 666 (cfr.
854 591 927 655 Hor.
948 591 1010 656 Sat.
1034 594 1076 669 II,
1101 596 1129 666 6,
1153 595 1195 658 73

147 697 241 777 Quod
269 698 314 761 ud
340 718 403 762 uos·
424 699 570 779 pertinet
599 702 629 761 et
651 699 775 760 nescire
797 697 920 761 naulum
943 703 1006 775 est,
1042 699 1075 763 C.
1100 698 1129 765 S.
1153 702 1196 765 26

147 804 241 885 Quod
271 805 368 869 seuel
400 805 521 869 ductum
554 808 616 881 est,
649 804 843 884 stabilisque
875 825 985 868 neruus
1022 805 1197 870 Terminus

70 908 73 914 ’
143 915 277 996 seruet),
311 914 391 995 quod
419 914 457 976 iis
484 915 607 976 tantum
635 912 709 975 locis
732 912 797 975 fieri
819 915 929 993 potest,
964 913 1073 995 quibus
1099 915 1198 978 forma

142 1021 328 1102 pronominis
359 1039 419 1083 non
447 1021 634 1096 mutatur¹);
670 1039 706 1081 ex
733 1021 904 1084 accusativo
934 1037 1004 1084 vero
1026 1040 1193 1102 praegresso

43 1165 44 1170 κ
143 1129 221 1208 apud
232 1128 415 1206 Iuvenalem
425 1118 628 1190 nominativus
641 1145 699 1189 non
711 1127 874 1203 auditura).
909 1126 1008 1191 Simili
1020 1128 1119 1202 modo,
1133 1145 1195 1209 quo

143 1252 308 1315 pronomen
331 1234 492 1297 relativum
516 1234 564 1296 his
586 1233 661 1296 locis
683 1234 828 1296 omissum
845 1240 900 1307 est,
925 1234 1017 1298 etiam
1030 1253 1193 1316 pronomen

143 1341 415 1405 demonstrativum
442 1341 540 1404 audiri
567 1358 671 1424 posse,
708 1341 796 1404 docet
824 1343 921 1418 locus,
956 1343 1008 1422 qui
1040 1343 1072 1405 in
1101 1343 1199 1406 satira.

143 1450 230 1510 sexta
252 1467 277 1510 a.
302 1469 331 1512 v.
355 1451 417 1514 609
439 1447 562 1529 legitur,
585 1449 636 1511 ubi
659 1455 748 1528 poeta
769 1456 929 1512 venustam
952 1448 1036 1512 illam
1050 1451 1193 1513 Fortunae

142 1555 180 1617 ad
202 1574 326 1636 spurcos
348 1555 432 1617 lacus
455 1573 563 1635 pueros
586 1555 735 1636 exposilos
757 1559 848 1618 noctu
877 1556 1009 1620 Inventis
1042 1556 1194 1637 picturam

144 1661 187 1725 sic
202 1661 346 1726 absolvit:
369 1661 442 1724 Hos
465 1664 564 1736 uuui,
588 1662 640 1724 lu's
660 1682 695 1725 se
709 1662 839 1744 queu't
860 1666 961 1743 utque
982 1682 1060 1726 suos
1082 1663 1197 1727 u'oleus
1287 1679 1288 1682 ’

136 1768 294 1848 producit
316 1769 485 1847 uluuuos;
519 1770 617 1833 multo
641 1772 745 1832 autem
768 1770 953 1851 frequentior
974 1769 1027 1833 ille
1050 1772 1194 1852 loquendi

142 1895 218 1939 usus
241 1879 297 1955 est,
320 1878 410 1958 qnod,¹
432 1877 484 1940 nbi
507 1877 734 1940 substantivum
756 1878 877 1958 aliquod
905 1877 953 1940 vel
975 1896 1139 1958 pronomen
1161 1879 1192 1940 in

139 1984 238 2063 priore
271 1984 406 2047 membro
440 1984 575 2065 positum
601 1964 631 2046 in
665 1985 761 2047 altero
791 2003 844 2066 per
871 2002 1048 2065 pronomen
1065 1986 1192 2049 demon·
1275 1982 1277 1985 ’

141 2090 302 2154 strativum
343 2092 448 2153 eodem
479 2111 550 2154 casu
595 2074 797 2172 (accusativo
818 2092 872 2156 vel·
906 2092 1061 2173 genetivo)
1108 2092 1212 2172 posi-q

139 2199 204 2259 tum
245 2199 445 2278 repetendum
486 2202 564 2277 erat,
610 2201 666 2262 hoc
699 2199 867 2262 omittitur:
924 2198 976 2273 Vl,
1011 2202 1073 2264 606
1112 2199 1187 2262 Hos

132 2302 224 2386 fouet
257 2324 365 2368 oucues
390 2304 597 2385 Involvitque
629 2307 720 2383 siuu2
759 2306 905 2368 domibus
939 2309 1016 2368 tuuc
1043 2307 1194 2387 percipit¹

140 2410 236 2490 ultis;
271 2412 566 2489 vimmacum
594 2432 717 2494 nunqua
745 2413 886 2494 lepuiuu
918 2431 1027 2492 qucere
1049 2415 1189 2494 popina,

118 2505 292 2583 ⁴queuc'es
315 2518 428 2600 ulique
457 2539 529 2583 cunc
549 2539 743 2600 percussore
758 2520 930 2600 jacentem,
968 2539 1035 2601 quae
1064 2522 1191 2585 omissio

138 2645 199 2689 non
233 2645 302 2690 raro
334 2627 379 2690 ita
408 2627 597 2703 extenditur,
625 2630 667 2690 ut
699 2626 732 2689 in
764 2627 917 2689 sententia
952 2645 970 2690 a
1003 2629 1188 2706 praecedenti

138 2736 250 2815 puncto
295 2733 414 2797 seclusa
460 2734 644 2798 inveniatur:
708 2733 799 2812 vul,
837 2737 895 2798 179
952 2732 1040 2813 Quid
1071 2733 1186 2814 suctus

56 2873 57 2877 =
138 2839 236 2904 tuleuc
265 2841 411 2914 sortitus,
446 2839 589 2916 Pontice,
623 2840 774 2903 serouu?
818 2840 941 2920 Nempe
969 2841 1006 2902 iu
1033 2839 1189 2904 Lucuuos

138 2951 197 3012 aul
222 2947 328 3010 Tuscu
351 2947 520 3028 erpuslulu
541 2948 653 3010 uittas
676 2949 729 3012 ofr.
755 2949 793 3028 X,
820 2952 888 3014 182.
946 2948 1124 3030 Horatius³l
1151 2949 1190 3032 ‘in

163 3205 183 3267 ¹)
203 3203 319 3257 Ovidius
338 3204 366 3256 in
376 3204 491 3269 Metam.
512 3204 575 3256 libr.
587 3203 628 3256 III
638 3219 660 3254 v.
671 3204 720 3257 llo
743 3203 814 3260 Quod
829 3203 944 3267 uideoque
961 3205 1086 3268 placetque
1105 3204 1184 3271 dixit,

205 3303 267 3354 quae
286 3287 422 3354 loquendi
442 3289 532 3341 forma
552 3289 586 3341 ob
605 3288 737 3341 iteratum
756 3305 799 3352 que
817 3287 960 3339 rarissima
980 3294 1033 3340 est.

161 3372 183 3438 ²)
203 3373 259 3426 Gfr.
279 3373 397 3425 Sallust.
416 3373 472 3424 bel.
485 3372 549 3438 lug.
569 3388 593 3424 c.
613 3372 689 3424 XIV:
715 3371 774 3430 Quor
791 3382 834 3422 cut
851 3373 922 3421 amasi
939 3382 982 3423 aut
999 3391 1029 3423 esc
1046 3373 1193 3423 necessarias

202 3457 308 3507 aduersu
317 3459 394 3521 factu
411 3467 473 3508 sunt.

163 3541 183 3605 ³)
202 3541 338 3594 Horatius
358 3542 387 3593 in
407 3541 516 3593 duabus
532 3540 670 3599 similibus
683 3541 834 3593 sententiis
845 3556 1000 3606 pronomen
1013 3541 1188 3594 demonstra-

207 3626 293 3678 tivum
311 3642 368 3679 non
387 3631 444 3677 tam
464 3625 576 3690 omittit,
600 3640 682 3690 quarn
703 3624 907 3676 substantivum
918 3625 945 3676 in
957 3625 1052 3691 priore
1064 3624 1187 3690 positum
1273 3692 1276 3700 Ι

202 3710 229 3762 in
242 3711 332 3762 altera
345 3710 436 3763 audiri
445 3711 568 3776 patitur:
590 3709 675 3774 Saul,
683 3711 746 3773 4,81
754 3709 882 3758 Absentem
888 3711 930 3773 qui
938 3710 1002 3758 rodit
1012 3712 1121 3771 amicum,
1140 3707 1195 3764 Qui·

202 3813 248 3844 non
266 3795 372 3860 defendit
381 3796 430 3845 olio
440 3795 559 3859 culpante,
579 3793 623 3844 vel
634 3793 682 3844 ubi
694 3793 899 3845 substantivum
910 3793 1054 3861 praecedit‚
1074 3793 1187 3844 demon-

205 3878 349 3930 strativum
375 3894 439 3931 raro
465 3878 583 3930 omittit:
612 3877 672 3930 sat.
690 3878 712 3944 Ι,
732 3879 758 3940 3,
777 3878 810 3931 84
829 3877 941 3927 Paullum
960 3877 1061 3942 deliquit
1084 3876 1186 3926 amicus:

202 3965 300 4012 acerbus
322 3963 401 4012 Odisti
418 3972 440 4012 et
455 3965 535 4027 fuyis3
554 3962 588 4013 A.
606 3963 635 4014 P.
654 3964 704 4016 456
729 3962 844 4012 Vesanum
863 3962 967 4026 teupisse
985 3962 1064 4010 timent
1078 3961 1188 4025 sopiunt-

201 4064 244 4110 quc
258 4056 350 4110 poetam
374 4047 424 4105 Qui
439 4048 549 4112 sapiunt3
568 4047 663 4112 oqirunt
677 4047 750 4111 pueri
765 4047 898 4110 incautique
916 4054 1052 4110 sequuntur.
