2694 4582
213 254 275 318 146
655 252 698 305 De
719 252 822 320 ellipsi.

134 435 139 444 ’
217 453 366 536 adjectivo
389 455 619 536 (praecpitem)
648 455 747 537 posito
774 473 938 538 pronomen
970 460 1000 520 te
1027 459 1176 524 omissum
1205 463 1262 539 est,

215 561 293 641 quod
322 579 487 641 pronomen
519 562 550 625 iu
588 561 643 624 tali
678 563 898 625 sententiarum
929 565 1142 646 conjunctione
1173 567 1263 632 facile

213 666 312 732 audiri
333 670 436 749 potest
458 668 526 742 (cfr.
548 668 630 750 Virg.
653 668 801 746 Asuvi,
824 670 887 734 594
910 668 1121 752 Praeceptum
1143 673 1262 756 cupae,

213 776 300 840 Ovid.
324 775 400 839 Met.
422 775 507 848 VIII,
532 777 591 841 251
618 775 826 856 Proecopdtem
854 777 954 855 rodeid,
979 778 1088 858 quibus
1111 780 1187 844 Iocis
1210 780 1261 845 ob·

211 883 327 965 jectum
355 900 492 965 personae
525 882 619 946 simili
652 884 741 946 modo
759 882 906 946 omissum
930 885 1000 966 est),
1035 886 1087 949 scd
1112 905 1262 968 nusquam

197 989 373 1070 ,Iuvenalis
400 992 448 1070 (ut
476 989 624 1053 Horatius
637 990 660 1072 1)
693 989 876 1072 adJectivum
901 991 1120 1075 (participium)
1151 992 1262 1075 objecti

212 1097 315 1162 Iocum
332 1099 440 1160 tenens
458 1096 502 1159 ita
523 1094 619 1176 ponit,
642 1098 678 1159 ut
699 1108 864 1178 pronomen
886 1097 993 1177 primae
1015 1117 1151 1179 personae
1174 1100 1262 1164 audi-

211 1208 288 1268 atur.
307 1203 570 1282 Quemadmodum
581 1203 613 1266 iu
624 1202 692 1266 loco
703 1222 791 1283 supra
803 1202 902 1283 posito
914 1207 945 1266 et
956 1204 986 1266 in
1003 1204 1169 1287 illaquam
1178 1225 1261 1270 com-

213 1311 449 1376 memoravimus
487 1307 566 1384 (Bis
589 1309 754 1391 qaiopeuc
777 1308 880 1390 dedit,
904 1311 990 1373 tacti
1011 1315 1105 1375 cocat
1126 1311 1184 1376 idle
1198 1334 1262 1394 po-

212 1419 336 1500 de‘ocm)
355 1417 547 1482 accusativus
569 1416 735 1498 singularis
748 1417 890 1499 adjectivi
901 1418 1023 1482 numeri
1034 1419 1260 1500 (praecipitem,

206 1525 381 1608 pudicum)
404 1524 517 1606 objecti
538 1523 639 1587 locum
662 1523 707 1587 ita
730 1525 831 1597 tenet,
865 1526 901 1587 ut
922 1543 1087 1606 pronomen
1110 1527 1260 1601 audiatur,

218 1632 262 1697 sic
285 1634 364 1714 apud
377 1631 551 1695 Iuvenalem
572 1633 636 1695 tres
658 1629 718 1693 loci
742 1635 821 1708 sunt,
844 1631 954 1712 quibus
977 1633 1169 1696 accusativus
1191 1634 1260 1715 plu·
1302 1682 1306 1690 .

213 1739 287 1803 ralis
309 1738 452 1821 adjectivi
474 1738 594 1800 numeri
615 1737 660 1800 ita
681 1737 798 1818 positus
815 1737 911 1801 videri
929 1738 1035 1819 possit
1058 1742 1094 1803 ut
1116 1741 1260 1804 substan·

210 1845 307 1910 tivum
331 1846 480 1924 omissum
504 1843 553 1908 sit.
587 1844 821 1907 Insatiraenim
837 1845 935 1921 tertia,
959 1845 1011 1908 ubi
1024 1848 1111 1927 poeta
1122 1846 1260 1910 villicum

211 1952 343 2016 ruinosis
367 1951 481 2014 aedibus
505 1950 583 2013 male
607 1951 817 2014 consulentem
845 1956 1075 2030 commemorat,
1105 1970 1172 2018 av.
1199 1956 1259 2020 139

211 2059 245 2122 hi
267 2077 371 2123 versus
393 2059 553 2139 leguntur:

296 2244 368 2307 Noc
390 2243 501 2307 urbem
523 2241 659 2307 coddmos
682 2244 774 2307 deaut
796 2242 927 2306 tibicine
941 2241 1068 2325 faidum

295 2351 427 2433 Mcpau
443 2355 543 2431 purte
564 2351 627 2422 sud,
649 2370 726 2414 uoco
748 2351 797 2413 sic
819 2349 1002 2413 ludentibus
1025 2350 1131 2414 obstat

238 2656 257 2720 ¹)
274 2655 409 2710 Horatius
436 2657 626 2710 accusativum
650 2655 748 2721 prImae
773 2670 885 2720 quoqne
914 2660 944 2707 et
969 2653 1102 2706 secundae
1127 2667 1258 2719 personae

280 2740 465 2808 pronominisr‚
486 2739 535 2792 ubi
552 2753 684 2805 personae
704 2739 782 2791 notio
802 2740 842 2791 ita
860 2737 1014 2805 praecedit,
1035 2743 1066 2789 ut
1086 2737 1260 2791 cohaerentia

279 2825 418 2880 sermonis
428 2824 582 2890 perspicua
593 2827 637 2884 stt,
646 2823 753 2890 passim
764 2823 875 2875 omittit.
896 2822 943 2874 Sic
954 2821 1068 2887 me(Sat.
1080 2820 1102 2886 I,
1112 2822 1137 2887 6,
1146 2822 1177 2876 61
1193 2822 1259 2872 Abeo

277 2920 299 2960 er
316 2927 414 2960 revocas
431 2925 492 2958 nono
507 2917 563 2972 post
580 2908 667 2973 arenae)
695 2907 780 2959 etiam
799 2909 829 2960 in
848 2905 1010 2958 accusativo
1037 2920 1099 2957 oum
1122 2904 1278 2958 infinitivo·

278 2994 381 3060 (Epist.
403 2992 425 3058 I,
450 2992 491 3057 18,
511 2991 560 3045 104
596 2992 639 3041 Me
662 2994 752 3056 quotics
769 2993 850 3057 reficit
870 2989 1054 3057 Diponem-quid
1075 2990 1165 3039 sentire
1183 2999 1258 3055 putus

279 3079 327 3129 cfr.
353 3077 376 3144 I,
396 3077 442 3140 16,
466 3076 511 3140 36)
531 3075 605 3127 etin
634 3075 774 3128 sententia
802 3074 970 3128 secundaria
993 3072 1099 3140 passim
1120 3073 1259 3126 omittitur

279 3161 384 3229 (Epist.
402 3161 538 3227 Ι,11,16);
556 3177 598 3209 nce
617 3163 646 3211 et
664 3169 685 3209 te
702 3159 794 3212 rarius
814 3159 979 3210 omittuntur
998 3156 1103 3223 (Epist.
1122 3156 1157 3222 11,
1174 3158 1258 3223 mro

279 3246 358 3298 Simul
374 3255 447 3309 utque
464 3245 572 3294 cannino
589 3245 698 3293 resederis
715 3261 757 3294 nos
766 3244 877 3309 sinpere,
896 3242 1027 3292 commodus
1044 3242 1106 3292 ultro
1125 3247 1257 3307 Aroessa33

279 3330 370 3394 Saul,
382 3332 406 3396 1,
419 3331 452 3384 84
469 3328 525 3380 Noa
542 3345 602 3377 uxor
619 3328 712 3377 salvom
730 3337 752 3377 te
768 3328 831 3393 vole,
850 3345 926 3377 omnes
944 3327 1018 3376 vicini
1033 3325 1147 3391 oderunt3
1172 3327 1205 3378 A.
1224 3325 1256 3378 P.

278 3416 328 3469 139
347 3414 437 3464 Melius
461 3423 483 3462 te
504 3430 576 3477 posse
599 3429 711 3477 separes,
735 3411 814 3461 delere
826 3413 925 3477 jutbebat
954 3411 1003 3461 cfr.
1021 3408 1115 3477 Epist.
1135 3409 1157 3462 Ι.
1179 3412 1221 3474 17,
1242 3411 1258 3464 9

279 3498 354 3564 quod
373 3497 500 3549 ultimum
518 3508 674 3562 pronomen
692 3495 806 3548 Persius
817 3494 949 3560 Flaccus,
970 3492 1017 3558 qui
1032 3507 1049 3544 a
1064 3498 1126 3546 tota
1140 3508 1175 3546 ea
1192 3509 1259 3560 pro·

278 3581 401 3634 nominis
421 3579 586 3644 omissione,
615 3593 697 3643 quam
716 3583 879 3644 tractamus,
897 3577 981 3644 vulgo
1001 3577 1134 3644 abstinet,
1153 3577 1181 3629 in
1201 3582 1256 3630 sat.
1336 3595 1342 3606 ·

277 3665 325 3731 IV,
352 3681 376 3716 v.
397 3665 429 3718 34
448 3663 557 3715 omisi&
592 3663 642 3712 Est
658 3680 732 3728 prope
749 3673 780 3739 ⁸ta
798 3665 905 3729 ippotae,
929 3663 1005 3712 cubito
1035 3664 1078 3727 qui
1098 3663 1201 3729 tcaput),
1229 3667 1259 3714 et

278 3749 376 3801 crebro
395 3747 531 3800 Horatius
550 3746 692 3812 adjectivo
711 3747 756 3809 vel
774 3747 926 3814 participio
952 3746 1100 3813 praesentis
1120 3745 1257 3812 temporis

278 3833 373 3901 posito
401 3831 570 3898 pronomina
595 3848 630 3880 nie
657 3837 686 3882 et
714 3840 736 3880 re
755 3845 789 3883 ex
812 3831 955 3883 sententia
978 3844 1139 3898 praegressa
1165 3828 1257 3881 audiri

278 3917 399 3985 patitur:
417 3915 543 3983 Fpistu,
562 3915 604 3980 10,
624 3916 671 3980 17;
691 3916 731 3980 14,
750 3916 796 3980 373
815 3916 840 3981 8,
859 3916 889 3980 33
909 3917 950 3981 19,
970 3917 1018 3981 333
1037 3913 1073 3980 ΙΙ,
1088 3917 1112 3980 i,
1128 3916 1175 3980 523
1195 3915 1255 3966 Sat.

278 4002 314 4063 ΙΙ,
330 4007 353 4067 5,
366 4005 411 4061 423
431 3999 522 4053 rarius
541 3999 607 4062 midi,
627 4000 684 4050 ribi:
705 3997 764 4050 Sat.
784 3998 822 4063 ΙΙ,
843 4002 869 4061 5,
889 4000 918 4063 13
937 4003 961 4065 2,
981 4000 1023 4054 98.
