2694 4582
324 283 367 336 De
388 283 574 350 congruentia
591 283 713 351 subjecti
732 289 762 336 et
777 284 934 352 praedicati.
1017 291 1020 296 “
1105 290 1162 352 191

108 506 243 565 sennim
265 486 357 550 rabie
371 488 468 567 jeonn
489 485 677 551 incendente
692 486 853 568 ferantur
874 487 1090 568 Praecipitat,
1113 491 1164 552 ad·

104 595 195 677 jungi
217 594 321 668 debet,
356 595 423 657 sed·
439 595 472 657 in
494 596 551 658 hac
573 595 667 658 satira
688 599 779 679 poeta
801 595 1043 672 substantivum,
1082 597 1161 678 quod

109 705 156 764 est
170 700 322 783 feminee,
354 706 417 765 tam
441 720 521 783 saepe
549 703 678 778 omittit,
705 683 747 766 ut
768 703 869 766 locum
890 703 951 765 huc
979 703 1161 766 trahendum
1199 721 1206 731 ·

109 827 175 872 esse
197 808 392 872 verisimilius
421 809 474 898 sit.
528 810 633 871 Paullo
667 807 817 872 duriorem
848 808 990 889 loquendi
1032 810 1162 873 formam

108 915 211 979 satirae
233 917 359 978 decimae
382 915 496 996 quintae
518 936 545 977 v.
570 918 609 980 72
633 916 762 995 praebet:
786 914 967 994 Poatqnant
990 914 1158 980 Subsidiia
1196 964 1200 968 -

107 1023 198 1086 ancti
212 1042 299 1103 pars
322 1021 428 1085 altera
444 1021 735 1104 promerefernnin
746 1022 862 1098 Audet,
887 1041 946 1105 quo
968 1023 1034 1086 loco
1057 1024 1157 1107 parti-

108 1130 221 1211 cipium
244 1131 350 1204 ancti.
376 1148 558 1210 quamquam
592 1114 676 1195 verbi
709 1129 872 1210 singularis
905 1148 1048 1193 numerus
1085 1131 1157 1194 sub-

107 1237 259 1319 sequitur,
294 1236 408 1322 plurali
430 1254 554 1299 numero
583 1239 675 1316 atque
699 1237 865 1299 masculino
888 1255 998 1318 genere
1022 1238 1156 1318 positum

107 1344 296 1409 substantivo
318 1345 453 1430 proxime
477 1344 671 1424 subsequenti
702 1362 755 1423 per
783 1333 1002 1424 appositionem
1031 1335 1156 1426 adjunc-

106 1453 173 1515 tum
204 1456 251 1514 est
261 1454 294 1528 1).
340 1452 496 1532 Nusquam
531 1454 634 1513 autern
657 1449 816 1513 Iuvenalis
849 1450 942 1513 nullis
975 1449 1024 1513 vel
1052 1451 1156 1531 paucis

106 1557 229 1622 vocibus
262 1559 430 1641 interjectis
463 1556 655 1621 'substantivo
696 1557 853 1620 collective
890 1557 1038 1637 pluralem
1073 1558 1156 1621 verbi

105 1684 264 1729 numerum
288 1665 422 1744 adilt2),
452 1683 550 1745 neque
571 1683 701 1757 usquam
729 1664 853 1727 verbum
877 1664 1023 1745 singulari
1046 1665 1155 1728 deinde

105 1772 218 1857 plurali
240 1791 367 1836 numero
390 1771 520 1849 efferta.
566 1771 633 1833 Ubi·
659 1771 787 1851 deniquo
819 1770 952 1833 alterum
980 1770 1170 1853 subjectum,

104 1880 327 1970 praepositione,
352 1899 418 1961 quae
442 1880 489 1941 est
505 1897 584 1956 ann,
609 1877 701 1957 priori
714 1877 917 1958 subjungitur,
939 1877 1012 1940 licet
1034 1880 1153 1941 utrum-

105 2005 163 2068 que
186 2005 325 2071 personae
347 1987 501 2050 notionem
525 1985 688 2060 contineat,
712 1983 1069 2048 verbumonunoiationis
1093 1992 1153 2048 sin·

104 2093 206 2176 gulari
228 2112 355 2157 numero
378 2112 498 2174 semper
521 2092 644 2154 effertur
667 2096 699 2153 et
722 2091 867 2172 subjectis
889 2093 942 2167 aut
953 2092 1153 2175 praemitittur

104 2203 157 2264 aut
179 2201 390 2285 postponitur:
420 2200 457 2274 X,
481 2201 543 2264 336
563 2196 674 2261 Veniet
687 2217 758 2260 ean
779 2198 1004 2278 aipnatoribns
1027 2218 1152 2279 anapen

104 2306 157 2371 cfr.
181 2308 267 2381 VIII,
291 2309 475 2380 ioci—2653
498 2306 551 2386 IX,
575 2307 714 2371 60—62.

189 2415 227 2477 In
239 2414 334 2476 satira
347 2417 461 2488 octava,
475 2431 533 2494 quo
545 2414 611 2475 loco
624 2413 715 2493 poeta
725 2411 847 2495 rapinas
859 2412 892 2473 in
903 2411 1067 2495 provinciis
1079 2433 1155 2497 prae-

89 2521 252 2584 rfectorum
274 2524 306 2583 et
326 2520 470 2602 injurias,
499 2519 609 2600 quibus
632 2519 740 2581 incolae
763 2518 881 2581 obnoxii
904 2521 1007 2594 erant,
1043 2521 1154 2584 acriter

101 2626 291 2710 perstringit,
315 2646 333 2690 a
356 2647 383 2690 v,
409 2628 469 2692 105
492 2625 523 2687 hi
545 2643 650 2688 versus
674 2625 835 2706 leguntur:
939 2708 944 2721 1

144 2811 229 2875 Inrle
250 2811 426 2875 Dolabella
449 2815 496 2875 eat
518 2815 615 2891 atqne
637 2810 713 2872 binc
734 2810 902 2873 Antonino
922 2778 1000 2874 inele

145 2917 337 3000 baenilepna
365 2917 497 2996 Verres;
519 2917 703 3000 referebant
725 2918 873 3014 naoibna
887 2916 968 2980 altis

149 3024 283 3089 Ocenlta
304 3025 413 3106 spolia
436 3029 466 3088 et
481 3024 597 3105 plnres
620 3024 658 3087 de
674 3044 758 3103 paee
781 3023 971 3103 inamplius,

129 3387 149 3450 ¹)
169 3385 244 3452 Virg.
263 3388 333 3438 Aen.
357 3384 396 3450 V,
426 3388 475 3441 108
493 3387 559 3436 Pars
583 3395 605 3435 et
621 3395 715 3436 certare
735 3389 836 3453 parati3
864 3385 918 3451 VI,
947 3387 993 3441 581
1013 3388 1063 3438 Hic
1079 3406 1152 3454 penna

167 3472 292 3535 antiquam
310 3480 379 3520 terroe
397 3510 403 3521 .
422 3509 428 3521 .
446 3471 555 3521 Fulmina
573 3470 659 3534 dejecti
664 3487 670 3534 ;
694 3468 744 3534 VI,
763 3471 813 3525 660
830 3471 881 3520 Hic
898 3489 982 3520 manas
999 3474 1027 3522 ab
1043 3473 1152 3537 patriam

164 3555 295 3621 papnando
313 3555 413 3604 valona
428 3555 506 3619 passi.
550 3554 627 3605 Dure
646 3553 761 3606 Persius
784 3554 818 3620 (I,
845 3556 889 3619 78)
908 3557 1023 3622 Antiopa,
1042 3558 1152 3607 oemmnir
1250 3601 1254 3610 .

167 3656 206 3688 cor
225 3639 375 3703 luctificabile
389 3638 455 3701 salta
473 3637 554 3689 dixit.

27 3715 28 3718 Ἴ
125 3723 147 3787 ²)
164 3721 242 3789 Virg.
261 3724 332 3775 Aen.
361 3721 395 3785 V,
423 3725 468 3778 661
491 3722 560 3772 Pars
587 3722 694 3786 spoliant
722 3740 781 3772 arae
810 3724 859 3775 cfr.
877 3724 899 3789 l,
917 3727 982 3790 212,
1009 3725 1063 3791 IV,
1087 3727 1150 3791 4053

167 3806 247 3859 ovid.
265 3807 335 3858 Met.
354 3805 429 3873 Vlll,
448 3808 506 3861 330.

126 3890 147 3954 ³)
166 3891 245 3957 Virg.
273 3893 343 3943 Aen.
370 3891 413 3958 ΙΙ,
440 3892 468 3944 31
496 3891 564 3940 Pars
586 3899 663 3955 stupet
696 3926 782 3946 ....
807 3902 829 3942 et
858 3894 994 3958 nrirantar3
1013 3893 1071 3960 111,
1089 3892 1147 3950 v671

166 3975 309 4040 (genetivo
329 3974 451 4041 pluralis
470 3974 638 4028 substantivi
668 3981 775 4028 numeri
795 3976 941 4044 adjuncto)
963 3977 1053 4028 Genus·
1067 3976 1149 4044 Cyclo-

163 4078 221 4124 pum
245 4061 295 4109 ruit
321 4069 343 4108 et
359 4059 486 4128 complent3
514 4059 618 4126 Georg.
638 4059 687 4126 IV,
715 4061 762 4115 461
795 4061 886 4112 Clarus
912 4061 1042 4127 Dryadum
1068 4063 1149 4127 imple·

164 4152 232 4208 rant3
252 4141 332 4195 Ovili.
350 4142 497 4208 Matini,
519 4145 565 4199 175
584 4145 711 4194 Moventur
728 4146 834 4210 quicquic
851 4146 929 4198 adest.
