2694 4582
165 256 230 322 210
395 222 399 230 ⁵
465 267 468 273 '
534 253 575 304 De
595 251 750 305 mutatione
771 251 857 304 modi.

251 455 461 538 Despiciam
486 457 543 536 qai
564 457 636 535 soit,
661 459 782 536 quanto
806 453 980 518 sublimior
1001 455 1101 519 Atlas

256 564 412 629 Omnibus
436 565 474 626 ia
499 562 605 643 lepc
627 563 672 626 su
693 563 866 639 montibus,
889 562 940 626 laic
963 567 1071 627 tornea
1093 563 1177 628 idem

252 672 396 754 Ipaoret,
424 674 585 752 punctura
600 669 736 754 ferrato
759 670 857 733 distet
879 671 920 734 ab
943 691 1025 734 orca

253 779 421 844 Saeculum

171 994 320 1058 Nonnulli
344 994 460 1057 codices
472 993 612 1074 Ipaorot
627 992 749 1074 habent,
773 993 826 1055 sed
850 993 956 1074 optimi
968 992 1111 1074 Ipnoret,
1134 1010 1225 1072 quam

172 1102 351 1182 scripturam
364 1101 561 1164 Heinricbius
586 1100 642 1163 »ob
664 1100 821 1181 vulgarem
844 1102 1002 1163 modorum
1025 1099 1222 1162 varietatem«

172 1208 391 1291 praeferendam
407 1227 472 1271 esse
485 1212 597 1271 censet.
631 1206 747 1269 Verum
759 1207 915 1269 modorum
929 1207 1059 1270 varietas
1071 1207 1150 1286 apud
1165 1205 1226 1270 Ju-

171 1317 311 1380 venalem
334 1334 430 1396 neque
452 1313 587 1396 vulgaris
611 1323 658 1376 cst
679 1332 777 1395 neque
800 1313 864 1376 ulla
886 1313 1006 1395 regula,
1036 1313 1084 1377 cui
1107 1313 1226 1376 obtem-

172 1442 277 1505 perare
299 1422 412 1504 possis,
448 1422 636 1485 continetur.⁴
669 1423 841 1484 Pronomen
870 1421 1142 1484 demonstrativum
1163 1419 1226 1495 bic,

172 1531 251 1612 qnod
274 1531 407 1593 omnium
432 1529 567 1592 codicum
598 1546 746 1591 consensu
776 1528 962 1609 defenditur,
996 1528 1225 1592 insolentiorem

167 1637 348 1719 juncturam
371 1635 495 1717 praebet,
520 1636 572 1697 sed
595 1635 744 1716 particula
767 1636 988 1711 condicionalis,
1013 1655 1105 1717 qnam
1127 1654 1145 1699 a
1166 1634 1227 1719 Ju-

169 1745 276 1812 venale
290 1764 349 1807 non
373 1761 440 1806 raro
460 1743 605 1833 omissam
627 1761 692 1806 esse
711 1742 850 1816 vidimus,
868 1761 927 1806 non
946 1743 1094 1807 audienda
1112 1745 1167 1817 est,
1195 1745 1228 1805 et

171 1851 269 1916 forma
281 1851 424 1914 orationis
436 1851 480 1940 ita
496 1850 659 1912 immutata
678 1853 733 1924 est,
752 1855 787 1913 nt
804 1850 956 1931 ignoratio
976 1868 1042 1914 esse
1063 1852 1225 1913 statuatur.

72 1995 74 2000 ·
175 1960 347 2022 Pronomerr
363 1957 534 2036 relativum,
558 1975 616 2019 non
641 1957 740 2019 solum
763 1958 922 2020 nbioratio
946 1958 1135 2021 adversative
1158 1975 1225 2020 con·

174 2066 321 2141 tinuatur,
345 2064 503 2127 sedetiam
527 2063 580 2126 nbi
604 2064 789 2127 nominativo
812 2065 858 2126 vel
883 2068 1057 2128 accusativo
1079 2082 1150 2127 casn
1172 2082 1227 2144 po·

175 2174 268 2236 situm
285 2173 315 2234 in
340 2171 433 2235 simili
447 2171 599 2234 sententia
613 2171 708 2252 repeti
720 2153 768 2234 vel
793 2172 894 2234 omitti
917 2172 1022 2246 soleat,
1045 2171 1079 2234 in
1100 2172 1226 2234 demon-

174 2279 336 2343 strativum
358 2278 450 2341 etiarn
471 2279 503 2340 in
522 2296 613 2359 prosa
626 2278 766 2341 oratione⁴
775 2280 904 2341 transire
916 2298 1013 2360 posse,
1033 2279 1109 2342 satis
1121 2281 1228 2341 notum

174 2391 221 2450 est
237 2386 327 2467 (quod
345 2386 486 2467 loquendi
509 2405 606 2466 genus
629 2388 660 2448 in
684 2386 815 2467 simplici
839 2388 1058 2450 sententiarum
1081 2385 1227 2468 conjunc·

173 2495 256 2557 tione
290 2495 321 2555 et
354 2511 456 2555 rernm
479 2493 650 2556 narratione
684 2495 763 2574 apud
797 2496 902 2574 poetas
936 2494 1051 2574 passim
1073 2493 1228 2556 invenitur

174 2601 227 2664 cfr.
266 2599 352 2663 Ovid.
384 2600 457 2663 Met.
491 2600 534 2672 X,
568 2603 630 2664 645
667 2601 772 2679 Quom
804 2600 885 2662 mibi
911 2601 1020 2679 prisci
1049 2599 1229 2664 Sacrcoerc

173 2727 270 2771 senes
307 2706 499 2787 donariisque
532 2705 681 2769 accedere
710 2706 815 2769 dotem
847 2707 946 2771 Hunc
972 2708 1103 2789 jussere
1139 2708 1226 2790 mci).

173 2816 209 2878 In
232 2815 327 2878 satira
347 2814 418 2886 XV,
452 2814 504 2876 nbi
536 2814 603 2876 haec
625 2831 643 2876 a
666 2834 693 2878 v.
717 2817 757 2880 66
789 2814 900 2895 scripta
931 2818 1016 2878 sunt:
1051 2815 1120 2878 Nec
1142 2803 1229 2878 bunc

176 2922 318 3004 lapidera
352 2970 358 2983 .
391 2970 397 2982 .
430 2969 436 2982 .
471 2927 540 3000 Quo
578 2920 715 3000 Tydides
742 2923 908 3000 percussit
934 2923 1082 3002 pondere
1114 2942 1228 2986 conum

174 3031 309 3106 Aeaeae,
333 3027 391 3091 aad
412 3048 505 3107 quem
526 3026 660 3092 uolendi
682 3029 825 3093 emittere
847 3029 983 3108 dentre,
1012 3035 1043 3093 et
1065 3031 1096 3093 in
1121 3032 1227 3094 eadem

174 3137 281 3210 satire,
316 3153 375 3216 quo
408 3134 475 3198 loco
507 3139 597 3216 poeta
620 3137 664 3199 sic
694 3136 815 3217 scripsit
838 3143 867 3215 (a
889 3157 916 3200 v.
943 3141 1033 3217 root:
1083 3139 1228 3217 Quorum

175 3263 241 3306 aon
263 3241 385 3326 sufficit
407 3243 511 3304 irre..
537 3291 543 3304 .
567 3242 625 3305 aed
645 3243 739 3326 [qur]
762 3244 969 3321 credideriut,
992 3245 1073 3307 nulla
1098 3245 1227 3326 simplex

174 3350 257 3413 modi
279 3349 408 3413 mutatio
430 3350 528 3424 inest,
562 3352 615 3413 sed
639 3363 765 3432 uterque
790 3352 1000 3433 conjunctivus
1024 3354 1169 3427 eandem,
1192 3330 1247 3416 ut*

174 3457 218 3520 ita
241 3457 356 3530 dicam,
390 3455 590 3519 dubitativam
614 3457 867 3538 significationem
890 3459 1025 3522 continet
1049 3460 1150 3540 (quem
1173 3478 1227 3541 pro

174 3564 238 3627 suis
272 3581 421 3645 quemque
453 3563 567 3626 viribus
602 3565 742 3628 emittere
786 3584 874 3646 posse
897 3571 1002 3646 putes:
1032 3585 1106 3648 quos
1130 3568 1227 3630 eredi-

174 3670 254 3734 disse
295 3669 451 3750 probabile
494 3674 574 3747 est),
613 3689 711 3752 neque
745 3673 794 3735 hic
818 3673 917 3737 locus:
951 3674 1011 3750 lv,
1048 3677 1108 3740 102
1144 3675 1227 3756 Ouia

173 3779 259 3842 caim
274 3778 349 3857 jora
370 3797 437 3840 aon
458 3777 624 3859 intellipot
646 3783 732 3844 ortes
756 3779 948 3843 Patricius?
979 3782 1060 3860 Quis
1076 3781 1227 3860 priscam

173 3884 260 3948 illud
280 3886 424 3947 miretur
447 3905 596 3963 acumen,
622 3885 742 3960 Brute,
776 3891 883 3963 taum,
907 3889 1121 3952 insolentioris
1144 3889 1226 3952 modi

175 3992 355 4055 mutationis
380 3993 549 4075 exemplum
585 3994 719 4074 praebere
748 3996 816 4076 jure
840 3995 965 4068 dicitur,
999 4014 1069 4058 nam
1102 3997 1170 4059 duae
1193 4014 1225 4059 re

175 4117 247 4162 vera
269 4100 395 4164 diversae
430 4101 684 4182 interrogationes
713 4121 745 4165 se
777 4102 946 4182 excipiunt,
981 4104 1060 4182 quod
1084 4102 1226 4183 loquendi
