2686 4596
183 288 225 352 98
505 285 548 338 De
567 284 717 352 particulis
738 284 917 352 copulativie.

270 490 306 553 ln
328 489 435 553 eadem
457 489 560 566 satira,
594 507 652 570 quo
684 489 751 552 loco
779 490 869 569 poeta
902 489 1009 551 notum
1039 487 1116 552 illud
1145 490 1243 570 redde

186 599 306 658 σεαυτόν
329 599 529 671 commendat,
553 615 579 659 a.
602 615 630 658 u.
654 599 693 660 27
718 596 761 658 sie
784 595 1018 675 scriptumest:

498 748 533 811 E
552 747 638 812 coeto
663 746 826 811 descendit
847 747 938 828 γνῶθι
961 748 1081 806 σεαυτόν

269 853 455 937 Fipeuduru
477 860 506 920 ct
527 857 661 919 mercori
684 849 894 918 tructoudum
909 857 1049 934 pectore,
1072 853 1141 917 sire

150 976 165 991 ³
189 986 193 992 ¹
274 962 471 1045 Coujupiuru
494 982 624 1045 quaeras
646 961 696 1026 uel
717 962 808 1025 socri
830 962 866 1025 iu
883 963 984 1041 porte
1005 965 1141 1024 serratus

269 1070 352 1134 Esse
373 1071 453 1136 ociis
476 1073 548 1152 (uec
570 1072 656 1134 euim
679 1069 815 1132 doricum
830 1068 941 1148 poscit
962 1067 1106 1130 Achillis

274 1177 446 1255 Thersites
468 1180 505 1243 iu
529 1199 595 1259 quo
617 1197 651 1242 sc
674 1176 865 1240 traducebat
893 1173 1008 1240 Uliues

273 1286 481 1368 Aucipiteru),
504 1306 561 1349 eeu
584 1290 620 1348 tu
642 1305 760 1367 mupuo
784 1283 973 1347 discrimine
995 1300 1130 1345 cousuru

269 1393 444 1476 Protcpere
466 1393 620 1477 affectos,·
643 1397 673 1456 tc
695 1390 834 1466 consule,
857 1390 909 1453 dic
932 1389 1000 1468 tibi,
1027 1389 1101 1470 quis
1122 1389 1181 1464 sis,

272 1499 393 1565 Orator
414 1502 589 1579 octcmeus,
612 1520 657 1563 ou
683 1498 819 1564 Curtius
842 1501 872 1560 et
893 1495 1011 1560 Motho
1035 1497 1148 1560 bucce.

185 1657 235 1724 Sic
266 1660 462 1725 Heinrichius
495 1663 596 1727 locum
633 1663 706 1739 edit,
744 1663 793 1744 qui
818 1661 1002 1742 Rupertium
1035 1676 1182 1723 accusans
1204 1662 1237 1723 et

185 1768 407 1832 enarrationem
450 1770 626 1849 Heineclrii‚
662 1770 713 1852 qui
746 1769 838 1833 verba
876 1788 934 1832 uec
968 1768 1053 1831 euim
1087 1765 1241 1829 loricam-

174 1874 371 1956 Aucipitcm
392 1875 645 1940 absurdissimum
668 1879 822 1959 glossema
843 1878 941 1954 vocat,
977 1873 1122 1937 refellens
1144 1873 1237 1938 aliter

184 1985 276 2064 atque
296 1983 391 2046 edidit
409 1986 440 2046 et
456 2002 560 2047 versus
576 1984 715 2048 distinxit
729 1984 830 2047 locum
850 1989 979 2046 enarrat.
1024 1980 1235 2064 Adjeetivum,

185 2091 264 2170 quod
279 2092 326 2152 est
342 2090 536 2170 Auccpitem,
560 2092 641 2173 quod
662 2092 758 2154 maior
780 2091 919 2154 codicum
942 2107 1011 2171 pars
1033 2089 1072 2152 ad
1094 2087 1237 2152 substan-

184 2197 283 2260 tivum
307 2196 443 2260 doricum
466 2199 568 2271 refert,
602 2198 816 2279 apronomine
839 2217 873 2261 se
895 2196 998 2260 divelli
1021 2214 1109 2277 posse
1132 2205 1241 2276 negat,

188 2307 218 2368 et
240 2305 360 2369 Ulixem
383 2305 416 2367 in
437 2305 528 2369 lorica
550 2305 663 2369 maiore
686 2325 721 2368 ae
750 2305 919 2370 robustiore
957 2303 1045 2366 Aiaci
1074 2305 1181 2385 parata
1200 2320 1237 2366 sc

186 2411 584 2491 oucupitcuitroduuicsa
608 2415 693 2476 etse
722 2413 889 2476 traduxisse
925 2410 1013 2494 (risui
1047 2409 1237 2491 exposuisset

185 2522 216 2582 et
238 2537 270 2581 se
293 2518 453 2600 ancipitem
480 2519 586 2601 (etwas
609 2521 801 2601 uueideutig)
823 2519 993 2583 ostendisse
1006 2518 1239 2598 interpretatur,

184 2626 349 2708 Rupertius
371 2627 403 2689 in
426 2627 522 2690 altera
545 2628 678 2691 editione
690 2646 799 2691 novam
812 2626 967 2689 enarrandi
980 2625 1060 2688 viam
1076 2624 1235 2705 ingressus

184 2737 246 2797 est:
270 2737 339 2815 post
368 2733 481 2818 Ultores
505 2735 545 2814 (v.
564 2736 619 2812 31)
644 2738 756 2816 puncto
777 2732 894 2808 incidit,
917 2733 1099 2813 proposcit
1121 2731 1235 2813 (v.30)

177 2845 299 2920 poscat
319 2841 482 2922 legendum
506 2860 572 2905 esse
595 2844 699 2905 censet
722 2843 900 2904 stenarrat:
933 2839 1122 2921 »rigandum
1148 2837 1239 2914 velis,

184 2967 241 3012 nec
263 2947 353 3024 enim,
383 2967 480 3029 neque
503 2950 605 3021 etiam,
639 2949 766 3011 loricam
801 2950 833 3010 et
862 2965 946 3010 arma
969 2946 1099 3010 Achillis
1128 2947 1236 3026 poseat

185 3054 350 3126 Thersites,
374 3055 465 3119 horno
488 3055 586 3136 qualis
609 3055 766 3118 Thersites
789 3055 856 3130 fuit,
879 3055 913 3116 in
936 3073 994 3136 qua
1011 3073 1043 3118 se
1056 3053 1236 3117 traducebat

183 3161 330 3224 Achilles.
374 3161 550 3242 Ancipitem
572 3165 607 3225 tu
630 3179 753 3225 seusam
778 3181 833 3225 seu
852 3181 921 3226 eum
935 3159 1235 3243 maguodiscrimine

183 3271 339 3349 protegere
365 3268 498 3347 affectas,
522 3271 552 3331 te
565 3268 716 3331 consule«
762 3268 899 3348 Locutio,
923 3271 1051 3350 quaeest
1065 3267 1242 3332 traducere

180 3393 223 3451 se,
247 3374 361 3437 nullam
385 3373 597 3438 difficultatem
628 3376 729 3450 habet,
765 3394 834 3439 nam
870 3396 1055 3459 quamquam
1084 3393 1235 3457 nusquam

181 3481 264 3554 alibi,
298 3482 376 3562 quod
411 3482 516 3563 sciam,
551 3483 690 3556 occurrit,
725 3486 756 3546 et
788 3484 870 3564 apud
893 3484 1077 3549 Juvenalem
1100 3488 1132 3548 et
1154 3484 1237 3565 apud

181 3592 297 3652 eeteros
319 3589 410 3652 huius
434 3591 534 3653 aetatis
558 3590 719 3671 scriptores
743 3591 940 3654 activovcrbi
954 3592 1239 3658 formatruducere·

181 3695 324 3775 aliquem
356 3696 486 3759 ludibrio
521 3698 652 3779 aliquem
685 3698 796 3761 habere
830 3698 984 3780 significat
1006 3701 1059 3763 cfr.
1082 3700 1168 3775 VIII,
1195 3704 1231 3766 17

181 3801 377 3883 §punientes
400 3803 545 3867 troducit
566 3823 653 3878 uoce,
687 3808 718 3868 et
739 3805 860 3886 passiva
882 3807 979 3870 forma
1002 3806 1158 3870 traducor
1179 3827 1239 3889 pro
1269 3874 1273 3882 ,

181 3929 226 3988 εο,
250 3911 330 3990 quod
352 3913 400 3974 est
423 3911 546 3989 derisui,
580 3912 710 3999 ludibrio
734 3932 812 3985 sum,
837 3914 947 3994 saepius
970 3915 1093 3996 ponitur
1114 3913 1168 3977 cir.
1192 3915 1238 3978 Π,

183 4020 256 4083 159:
300 4016 377 4082 Heu
410 4018 523 4082 miseri
557 4019 770 4095 traducimur,
805 4023 1002 4102 quamobrem
1034 4021 1233 4085 Heinrichius

180 4143 233 4206 pro
256 4143 290 4188 se
314 4124 484 4190 traducere
509 4125 601 4190 »risui
625 4145 657 4190 se
681 4146 845 4210 exponere«
871 4131 952 4192 recte
975 4129 1144 4206 substituit,
1178 4129 1236 4192 sed
