2694 4582
455 297 496 348 De
515 295 667 362 particulis
687 296 865 363 copulativis.
1147 299 1188 362 93

139 498 259 566 Cressa
281 499 456 562 excanduit
479 501 508 563 et
529 517 564 561 se
586 516 776 560 concussere
798 500 908 573 anaba,
932 519 1118 582 quamquam
1139 500 1187 563 in-
1266 495 1269 500 ’

136 608 281 672 solentior
303 610 359 688 est,
394 625 412 669 a
433 606 594 671 iuvenalis
626 605 769 686 loquendi
801 625 859 669 usu
887 593 944 669 non
970 608 1013 670 ita
1035 608 1187 681 abhorret,

135 718 172 778 ut
192 717 315 797 poetam
337 713 381 776 sic
392 730 451 777 non
466 713 621 794 scripsisse
633 730 687 793 pro
698 717 780 775 certo
792 710 937 775 affirmari
949 714 1054 794 possit,
1078 733 1188 778 verum

136 840 300 904 pronomen
324 820 594 884 demonstrativum
619 837 672 901 pro
687 819 808 883 nomine
819 819 953 900 positum
966 821 1188 911 dubitationem

137 930 247 1006 movet,
282 930 313 992 et
346 928 504 1008 utriusque
539 927 622 991 verbi
655 927 739 1018 notio
773 927 916 1008 (erubuit
945 930 975 991 et
998 927 1186 999 excanduit)

135 1035 306 1101 ruecessario
329 1035 366 1097 ad
389 1037 550 1117 utramque
573 1035 754 1096 matronam*
775 1035 933 1097 referenda
960 1040 1021 1098 est:
1056 1038 1187 1125 utraque

137 1143 260 1207 erubuit
281 1147 312 1207 et
334 1143 494 1206 excanduit
516 1142 647 1222 repulsa,
678 1143 713 1203 ut
735 1143 862 1222 utraque
886 1160 918 1204 se
941 1142 1094 1206 concussit
1120 1147 1187 1220 (nos

137 1250 280 1313 dicimus:
319 1252 399 1312 satte
438 1250 487 1330 sig
509 1249 704 1330 ojeblilrkelig
725 1249 736 1311 i
759 1249 957 1331 Bevaegelse)‚
991 1250 1186 1331 quamobrem

137 1357 202 1420 haec
223 1355 315 1419 verba
337 1356 440 1419 divelli
462 1375 522 1419 nou
545 1356 664 1420 debent.
709 1355 741 1419 Si
752 1375 917 1438 pronomen
928 1356 994 1420 boec
1006 1357 1187 1430 omittimus,

134 1464 279 1546 junctura
300 1463 458 1545 perspicua
479 1465 535 1539 est,
560 1484 629 1528 nam
641 1464 790 1545 particula
809 1464 979 1545 copulativa
1002 1484 1070 1528 cum
1093 1481 1187 1545 nega-

137 1571 234 1643 tione,
270 1589 338 1651 quae
371 1572 409 1633 ad
442 1589 547 1633 vocem
581 1569 691 1632 ninus
723 1572 856 1652 proxime
886 1573 1026 1652 pertinet,
1060 1571 1186 1634 coaluit:

139 1677 267 1741 erubuit
284 1675 418 1757 repulsa
435 1697 491 1740 ceu
503 1675 657 1748 fastidito
669 1697 726 1740 nec
737 1677 935 1742 Stheneboea
956 1680 1066 1742 uinus
1089 1698 1188 1758 quoru

142 1785 261 1849 Cressa
284 1785 459 1848 encundnc't
481 1814 522 1837 =
547 1783 744 1849 Stheneboea
777 1785 911 1866 repulso
945 1807 1001 1851 ceu
1026 1785 1187 1869 fastidito
1223 1867 1226 1872 1

140 1893 269 1956 erubunt
291 1896 321 1954 et
343 1892 517 1955 encanduc‘t
534 1911 601 1954 non
612 1892 723 1955 uinus
735 1913 833 1974 quana
850 1893 978 1970 Ouessa,
1002 1898 1032 1958 et
1046 1898 1187 1973 utraque

137 2020 172 2063 se
184 2001 354 2077 concussit,
362 2003 393 2062 et
404 2001 528 2063 nomina
544 2002 749 2063 matronarum
764 2001 953 2082 repulsarum
966 2003 1069 2066 eodem
1083 2001 1187 2064 ordine

138 2126 197 2189 quo
220 2107 277 2170 viri
299 2107 356 2183 illi,
378 2107 430 2187 qui
453 2125 585 2170 amorem
610 2125 713 2170 earum
736 2109 976 2189 repudiaverant‚
1011 2109 1186 2171 efferuntur.

137 2215 181 2278 Ut
202 2216 232 2278 in
254 2214 321 2278 loco
339 2215 406 2295 jam
429 2216 582 2278 enarratu:
606 2215 675 2278 Nec
698 2215 846 2278 uranon
867 2217 951 2279 ouis
1046 2216 1188 2296 casttput
1289 2245 1292 2252 ·

65 2323 67 2328 ’
139 2323 290 2400 (Ἦ,455)
319 2319 469 2402 particula
497 2341 555 2384 nec
577 2321 671 2385 simili
693 2323 782 2386 modo
803 2323 904 2403 posita
927 2342 1049 2387 versum
1071 2323 1186 2404 incipit,

138 2430 183 2493 sic
204 2430 262 2492 hoc
289 2429 355 2492 loco
388 2429 514 2491 eandem
547 2429 650 2491 sedem
680 2431 773 2509 tenet
808 2433 838 2492 et
870 2433 1001 2510 poetam,
1035 2431 1087 2493 ubi
1120 2431 1187 2494 voci

140 2535 233 2599 alicui
265 2535 494 2599 insolentiorem
526 2535 780 2616 significationem
816 2536 863 2598 vel
902 2537 1087 2618 singularem
1123 2537 1186 2600 vim

139 2642 209 2706 addi
232 2642 314 2706 velit.
337 2643 394 2706 hoc
419 2661 523 2705 versus
545 2642 610 2705 loeo
624 2659 690 2704 eam
704 2642 870 2723 designare.
890 2643 957 2724 jam
970 2661 1187 2707 commemora-

140 2751 248 2814 vimus.
292 2749 383 2830 Apud
405 2748 589 2813 iuvenalem
611 2761 647 2812 ut
668 2750 747 2829 apud
770 2752 887 2813 ceteros
909 2752 1024 2830 poetas,
1057 2750 1109 2812 ubi
1133 2751 1188 2812 aut

134 2857 278 2938 junctura
301 2855 403 2936 paullo
424 2855 609 2936 implicatior
631 2858 687 2927 est,
708 2857 762 2918 aut
784 2855 954 2937 subjeetum
979 2858 1083 2920 deesse
1107 2856 1186 2920 vide-

138 2967 197 3036 tur,
232 2965 286 3026 aut
313 2963 431 3045 syllaba
452 2962 552 3026 brevis
574 2961 755 3026 insolentius
778 2963 964 3044 producitur,
998 2966 1051 3027 ant
1083 2963 1187 3027 hiatus

137 3069 299 3150 invenitur,
333 3069 449 3134 librarii
483 3069 656 3132 huiusmodi
689 3070 764 3133 locis
798 3089 833 3134 eo
867 3071 956 3135 modo
983 3070 1098 3133 mederi
1120 3070 1186 3151 ple-

137 3195 265 3258 rumque
288 3176 389 3241 eonati
422 3180 504 3252 sunt,
537 3178 573 3239 ut
602 3195 775 3257 pronomen·
795 3177 843 3240 vel
866 3178 1045 3260 particulam
1068 3177 1117 3241 vel
1140 3179 1187 3240 est

138 3282 363 3347 intersererem.
387 3285 559 3346 Pronomen
581 3284 854 3346 demonstrativum
877 3283 928 3347 bic
950 3285 981 3346 in
1004 3302 1113 3365 magna
1137 3301 1187 3347 co-

139 3390 241 3452 dicum
262 3394 348 3471 parte
381 3391 412 3453 in
442 3390 544 3454 satirae
575 3393 739 3471 quartae'u
763 3394 804 3457 78
835 3391 989 3454 subditum
1024 3409 1091 3454 esse
1119 3391 1186 3472 jam

138 3496 279 3572 vidimus
302 3497 412 3578 etloei,
437 3497 588 3578 inquibus
611 3501 642 3560 et
654 3499 701 3560 vol
714 3497 922 3561 estinsertum
934 3497 1063 3562 inveniri
1074 3499 1186 3578 potest,

84 3639 87 3647 ·
138 3606 202 3666 tam
224 3604 315 3668 multi
338 3605 418 3680 sunt,
442 3610 478 3667 ut
500 3605 628 3666 duorum
651 3605 788 3668 codicum
810 3603 933 3667 collatio
949 3604 1023 3667 satis
1036 3621 1186 3686 superque

139 3711 344 3792 exemplorum
365 3710 507 3802 praebeat.
540 3710 607 3773 Hoc
628 3711 703 3791 loeo,
727 3730 785 3791 quo
808 3714 840 3775 et
861 3711 1033 3792 subjectum
1056 3711 1186 3773 durorum

137 3817 296 3880 verborum
320 3837 480 3880 commune
503 3819 550 3892 (ut
572 3818 681 3898 saepius
704 3818 784 3898 apud
801 3817 994 3894 ‹iuvenalem)
1015 3818 1096 3880 inter
1117 3835 1187 3898 par-

68 3956 72 3964 ·
138 3923 266 3986 ticulum
299 3925 503 4005 copulativam
532 3932 563 3986 et
585 3923 715 3986 alterum
737 3924 862 3988 verbum
892 3923 1105 4005 interpositum
1129 3927 1185 4003 est,
1275 3902 1279 3911 ’

140 4033 171 4093 ct
192 4033 281 4111 poeta
304 4030 430 4095 alteram
453 4030 610 4111 particula
628 4050 740 4111 nenne
762 4031 910 4112 syllabam
934 4030 965 4093 in
990 4048 1104 4094 casura
1118 4047 1185 4110 pro-

139 4137 233 4218 duxit
258 4144 289 4200 et
307 4138 448 4218 junctura
463 4137 622 4201 verborum
636 4137 822 4220 implicatior
834 4140 889 4212 est
912 4140 974 4201 tras
986 4135 1187 4200 interserendi
