2694 4582
444 277 486 330 De
505 277 639 332 liberiore
660 278 806 334 verborum
825 281 932 349 positu.
1177 288 1216 350 31

161 477 213 544 Sic
224 479 421 545 Heinricbius
441 481 486 562 (st
506 483 723 546 recentissimae
746 483 907 567 editiones)
924 503 1040 550 versus
1057 487 1217 570 distinguit

160 589 192 650 et
214 588 353 651 adnotat:
377 590 512 652 statuam
534 587 720 671 Ganymedis
742 590 775 653 in
796 591 913 672 templo
938 592 1051 667 Jovis;
1077 595 1110 657 in
1132 594 1217 659 nullo
1268 630 1272 637 ·

159 693 219 758 alio
240 694 354 776 templo
377 695 413 759 do
436 695 612 777 Ganymede
635 697 762 778 cogitari
795 700 924 778 potest3·
941 717 1014 780 ergo
1047 720 1144 782 genus
1174 702 1216 767 lo·

158 802 269 883 quondi
302 820 400 883 neque
432 802 610 885 ambiguum
642 822 739 885 neque
779 805 887 868 durum
927 808 984 869 est.
1037 807 1137 872 Immo
1170 813 1218 874 est

83 951 84 955 =
157 911 223 974 tarn
246 909 424 991 ambiguum
448 912 479 973 et
500 911 618 984 durum,
641 913 677 974 ut
698 916 788 992 poeta
810 913 853 976 sic
881 913 1042 994 scripsisse
1071 933 1130 978 non
1162 935 1214 998 po-

157 1016 260 1080 tuerit.
306 1017 443 1080 Primum
465 1016 556 1094 enim,
579 1036 763 1100 quamquam
786 1019 819 1081 in
840 1019 1065 1100 particularum
1090 1023 1214 1102 copula-

156 1123 288 1188 tivarum
310 1143 366 1188 usu
384 1127 474 1205 poeta
484 1125 561 1188 mire
576 1124 715 1202 fluctuat,
742 1126 860 1189 nullum
874 1127 1022 1191 eiusmodi
1040 1130 1212 1211 exemplum

157 1233 265 1308 exstat,
289 1232 369 1313 quod
391 1237 520 1313 quatuor
541 1233 680 1295 membra
704 1251 884 1297 enumerans
906 1233 1039 1297 alterum
1063 1236 1213 1317 particula

156 1340 195 1411 et,
218 1339 345 1402 tertium
368 1338 432 1402 siue
456 1339 571 1419 copula,
595 1343 735 1420 quartam
759 1341 864 1405 eadem
885 1341 1037 1422 particula
1059 1346 1212 1408 etannec·

154 1446 211 1520 tat,
234 1445 358 1522 deinde,
391 1446 509 1527 sipost
535 1446 755 1528 Ganymedem
776 1447 937 1527 inciditur,
973 1449 1209 1529 substantivum,

89 1589 91 1594 .
155 1553 234 1634 quod
267 1556 315 1616 est
343 1552 456 1630 Isidis,
491 1571 560 1617 eum
590 1555 670 1617 inter
704 1555 763 1617 duo
797 1555 989 1618 substantiva
1016 1555 1147 1638 Uannm
1180 1561 1211 1620 et

159 1659 396 1741 Ganymedem)
429 1661 531 1725 locam
563 1664 658 1736 tenet,
692 1668 726 1725 ut
749 1662 899 1742 posterius
922 1681 957 1725 er
980 1663 1141 1727 JuveaaIis
1163 1664 1209 1728 io-

155 1769 267 1849 quendi
291 1787 348 1832 usu
371 1769 542 1833 necessario
564 1789 633 1832 cum
661 1788 694 1832 eo
715 1770 908 1852 jungendum
931 1770 981 1845 sit,
1005 1772 1072 1833 turn
1099 1789 1209 1835 nomen

153 1893 297 1956 personne,
321 1877 402 1956 quod
424 1879 472 1939 est
498 1875 709 1956 Ganymeden,
745 1876 796 1938 ubi
831 1895 914 1939 mera
942 1876 1130 1958 templorum
1160 1878 1210 1942 vei

153 1982 277 2046 deorum
300 1983 425 2046 nomina
447 1986 668 2050 enumerantur,
691 2001 745 2064 pro
758 1983 846 2047 Jovis
869 1984 992 2065 templa,
1016 1982 1090 2047 licet
1106 1987 1209 2048 statua

154 2088 340 2172 Ganymedis
373 2090 406 2154 in
441 2109 475 2154 eo
509 2091 607 2171 posita
642 2091 743 2166 fuerit,
777 2091 894 2153 dietum
923 2109 988 2153 esse
1012 2109 1071 2153 non
1095 2094 1207 2173 potest,

78 2189 80 2193 ⁴
154 2197 291 2278 quamvis
315 2197 480 2279 Rupertius
513 2215 622 2260 nornen
658 2216 693 2261 ea
726 2198 762 2260 de
777 2268 779 2274 ¹
796 2216 903 2260 caussa
931 2197 1001 2279 poni
1023 2214 1110 2278 posse
1134 2218 1207 2263 con-

152 2303 263 2384 firmet,
287 2305 365 2386 quod
388 2305 579 2386 Ganymedes
602 2305 767 2368 catamitus
790 2307 821 2368 et
842 2304 987 2385 Juppiter
1011 2306 1205 2369 moechorum

134 2411 450 2484 notissimusfuerit3
473 2411 613 2475 adnecte
636 2413 767 2493 denique
789 2412 907 2473 matms
930 2412 962 2473 in
990 2411 1103 2491 palatio
1125 2414 1205 2475 tern-

150 2517 235 2599 plum
259 2523 411 2582 secretum
433 2523 507 2593 erat,
537 2520 620 2600 pacis
651 2521 683 2581 in
706 2520 770 2581 soro
794 2519 943 2598 templum
971 2536 1030 2581 non
1054 2524 1203 2583 secretum

151 2626 204 2689 sed
237 2625 466 2689 celeberrimum
501 2629 590 2707 atque
618 2625 710 2688 variis
732 2625 803 2688 vitae
826 2624 1010 2704 quotidianae
1034 2626 1203 2690 actionibus

150 2732 346 2812 destinatum,
370 2733 563 2815 ettemplum
574 2731 701 2795 Matris
723 2732 760 2794 ob
783 2733 876 2793 situm
893 2730 1032 2810 palatia
1056 2732 1202 2813 appellari
1303 2783 1304 2786 ,

148 2843 259 2922 potest,
282 2841 459 2920 naupasia.
493 2823 664 2902 Heinrichii
682 2839 831 2902 enarratio
851 2841 967 2901 tantam
980 2838 1201 2902 dubitationem

148 2951 258 3024 movet,
286 2950 330 3024 ut,
362 2947 437 3010 licet
459 2965 494 3009 ex
516 2947 615 3010 nullo·
631 2946 689 3010 alio
711 2946 778 3009 loco
801 2945 988 3026 Ganymedis
1011 2949 1147 3008 statuam
1169 2947 1201 3010 in

147 3053 232 3136 pacis
253 3054 369 3136 templo
391 3053 570 3117 collocatam
591 3053 686 3117 fuisse
712 3054 854 3128 sciamua
879 3072 913 3115 ex
936 3054 993 3116 hoc
1016 3053 1082 3115 loco
1105 3053 1201 3135 conji-

147 3161 287 3225 ciendum
322 3162 372 3224 sit.
428 3160 585 3224 Gammate
617 3163 685 3242 post
719 3160 929 3240 Ganymedem
963 3159 1065 3222 deleto
1100 3161 1200 3223 omnia

145 3271 230 3332 recta
252 3271 338 3332 sunt:
373 3268 474 3331 omnia
503 3268 638 3330 membra
668 3267 772 3330 eadem
800 3266 950 3347 particula
972 3267 1147 3348 copulativa
1170 3271 1201 3330 et

141 3375 323 3457 junguntur,
361 3373 579 3455 Ganymedem
605 3375 704 3453 paeda
731 3373 916 3456 praecedenti
941 3371 1067 3455 sanam
1095 3374 1200 3437 Isdda's

145 3482 316 3563 respondet,
339 3500 450 3546 nornen
476 3480 675 3562 Ganymedes
704 3498 763 3542 non
785 3499 838 3561 pro
861 3480 947 3544 Jovis
971 3481 1087 3562 templo
1110 3481 1198 3563 poni-

145 3593 204 3666 tur,
231 3588 367 3669 padate'a
399 3592 523 3653 secreta
555 3589 644 3652 modo
678 3588 716 3650 ad
737 3586 883 3651 Matrem
916 3588 1059 3671 pertinet,
1093 3589 1197 3662 lector,

145 3697 198 3778 qui
231 3697 269 3760 ob
302 3697 438 3778 positum
470 3696 552 3760 vocis
579 3694 797 3776 Ganymedem
819 3696 998 3777 genetivum
1032 3699 1198 3776 exspectat,

144 3823 215 3868 cum
237 3803 434 3886 subsequenti
455 3803 554 3884 pacis
576 3821 642 3866 eam
666 3802 848 3884 conjungere
871 3820 930 3864 uon
953 3801 1082 3876 dubitat,
1116 3803 1196 3883 apud

144 3911 325 3976 Juvenalem
360 3911 521 3992 genetivus
554 3909 682 3991 denique
716 3909 795 3972 inter
828 3910 886 3972 duo
909 3907 1104 3972 substantiva
1126 3911 1197 3971 ante

142 4013 325 4101 particulam
347 4018 549 4099 copulativam
582 4034 642 4080 non
676 4017 720 4079 ita
752 4016 883 4097 ponitur,
913 4017 948 4079 ut
970 4016 1007 4078 ad
1031 4018 1195 4095 utrumque

144 4144 204 4190 uon
236 4124 396 4207 pertineat.
451 4124 538 4187 Nihil
570 4125 716 4205 praeterea
746 4123 883 4204 impedit,
906 4121 1070 4204 quominus
1093 4124 1196 4185 statua
