2694 4582
201 298 242 362 46
483 293 525 345 Do
545 293 677 346 liberiore
698 292 844 345 verborum
862 292 969 360 positu.

201 498 346 562 scendere
379 498 525 579 potuisse,
543 541 544 545 =
562 497 667 561 deinde
691 515 760 560 eum
782 497 827 560 ita
851 478 1013 579 pugnasse,
1047 501 1082 562 ut
1117 498 1250 581 insignia

201 624 257 670 sua
279 606 434 669 retineret.
483 603 598 668 Salium
621 605 653 668 in
675 595 766 668 arena
786 610 973 686 pugnantem
994 624 1145 688 nusquam
1167 625 1252 670 oom-

201 713 369 777 memorari
392 715 423 775 et
446 711 664 776 dubitationem
688 730 808 775 movere
831 713 977 786 concedit,
1006 716 1142 777 ceterum
1172 711 1252 778 silet.

202 820 286 885 Tota
309 821 405 903 igitur
427 819 661 902 argumentatio,
685 838 750 899 quae
762 820 793 883 in
806 820 961 902 adjectivo,
986 808 1063 901 quod
1081 826 1254 899 1111111111,

201 947 271 993 oum
299 927 489 991 substantive
513 928 625 989 turrice
648 926 725 990 falso
748 928 907 1010 conjuncto
930 928 1030 1008 posita
1051 932 1107 1004 est,
1142 929 1253 994 lunda-

201 1034 313 1099 mentis
337 1035 450 1098 eversis
472 1035 543 1098 ruit.
588 1034 668 1112 Quid
691 1053 777 1115 porro
800 1039 846 1098 est
871 1035 962 1099 illud:
1001 1034 1180 1099 Credamus
1204 1041 1253 1100 te-

200 1144 299 1219 111111,
342 1159 439 1224 quera
476 1162 579 1205 caree
614 1142 708 1222 spira
745 1140 839 1223 loepo
881 1142 995 1224 palere
1027 1144 1182 1225 jactetur,
1227 1145 1253 1210 si

201 1250 282 1332 spira
306 1252 353 1314 est
375 1251 470 1314 nodus
494 1249 615 1321 vinculi,
639 1251 718 1331 quod
740 1251 877 1331 galerum
900 1251 1063 1332 astringit?
1108 1251 1168 1329 Qui
1203 1255 1252 1317 est

201 1356 496 1440 1111911ραί1111εὲ
538 1357 624 1422 Num
657 1361 746 1439 poet-a
779 1358 822 1420 sio
860 1357 974 1461 dixisse-
1002 1362 1127 1440 potest?
1172 1359 1252 1439 Quid

200 1467 296 1530 illud:
323 1464 502 1529 Credamus
525 1466 651 1540 taedere,
675 1465 888 1548 1111111111
902 1465 1060 1548 faecibus
1069 1466 1252 1549 percipeat?

202 1575 285 1638 Num
319 1576 409 1655 poeta
443 1575 486 1637 sic
520 1573 656 1636 tunicam
689 1573 816 1637 solemni
844 1575 934 1638 modo
964 1594 1071 1656 corpus
1094 1577 1251 1658 tegentem

200 1681 384 1762 descripsit?
406 1700 480 1744 num
502 1680 637 1744 tunicam
659 1684 740 1744 retro
762 1687 882 1762 atergo
906 1682 1105 1745 fluctuantem
1115 1683 1252 1766 intelligi

201 1791 289 1853 vult?
324 1787 423 1866 Quum
438 1788 566 1869 denique
580 1789 687 1851 verba:
709 1787 833 1850 eadum
855 1788 900 1874 ad
919 1788 1104 1868 spectaculo
1125 1790 1253 1855 vultam

200 1896 314 1978 Eripit
336 1899 366 1960 et
389 1899 458 1958 tote
472 1895 565 1978 sapit
594 1895 879 1977 agnoscendus
903 1916 1005 1959 orceo
1035 1915 1139 1961 omnes
1162 1904 1252 1978 speo-

201 2007 314 2068 tatores
339 2003 469 2070 Gracchi
492 2003 601 2066 faciem
623 2022 784 2084 agnoscere
807 2022 895 2084 posse
927 2006 1037 2081 dicant,
1072 2023 1169 2068 norme
1204 2025 1251 2068 se·

200 2113 324 2196 quentia
347 2112 450 2175 verba:
479 2110 658 2175 Credamus
681 2112 895 2193 1111111111,
926 2112 1035 2192 quibus
1068 2113 1179 2176 tunicae
1202 2104 1252 2176 in'·

201 2223 291 2309 certae
315 2221 414 2302 magis
437 2238 529 2300 quam
551 2218 640 2282 faciei
662 2221 753 2281 certae
776 2220 856 2282 credi
879 2238 968 2300 posse
993 2220 1153 2291 indicatur,
1174 2221 1251 2284 mire
1278 2279 1283 2288 .

200 2329 356 2411 languent,
380 2331 411 2390 et
433 2330 522 2407 poeta
544 2325 653 2388 inelius
676 2325 732 2389 hoc
761 2327 901 2390 dixisset:
925 2328 1117 2408 agnoscimus
1140 2327 1251 2392 faciem

201 2434 345 2509 Gracchi3
369 2435 527 2498 credamus
550 2433 653 2515 igitur,
685 2453 755 2496 eum
778 2436 912 2498 tunicam
935 2435 1050 2498 retiarii
1074 2435 1166 2499 nobili
1192 2437 1250 2499 llo-

199 2562 288 2607 mano
311 2542 468 2624 indignam
492 2541 658 2622 sumpsisse
681 2545 712 2604 et
733 2542 764 2604 in
789 2561 913 2606 arenam
935 2543 1134 2606 descendisse.
1183 2543 1251 2606 Hoc

200 2653 302 2714 autem
326 2654 416 2732 poeta
439 2669 471 2712 re
493 2668 564 2713 vera
586 2648 669 2724 dixit,
704 2653 735 2712 et
768 2650 811 2713 sic
842 2652 933 2713 etiam
956 2654 1043 2714 vetus
1067 2651 1251 2715 scholiastes
1330 2628 1334 2637 ⁵

198 2759 300 2822 locum
322 2758 473 2840 accepisse
496 2757 636 2821 videtur·
657 2757 768 2820 Scribit
790 2757 888 2820 enim:
915 2758 1093 2834 »1111111111
1116 2757 1153 2821 de
1167 2755 1252 2840 fea?
1277 2741 1281 2749 ⁸

107 2947 109 2952 ,
199 2866 288 2930 cibas
321 2865 444 2947 quidam
477 2869 592 2927 restem
625 2864 836 2945 gladiatoriam
871 2865 992 2939 dicunt,
1030 2885 1121 2948 quam
1154 2866 1249 2930 fibula

199 2973 383 3056 pugnaturis
405 2973 524 3035 mordet
545 2989 564 3033 a
586 2970 754 3051 faucibus«7
785 2978 816 3035 11
846 2972 994 3052 pulcrum
1027 2974 1070 3038 sie
1093 2973 1173 3036 idem
1199 2975 1252 3036 de·

199 3082 325 3146 scribit:
363 3083 430 3144 »est
453 3080 578 3142 humero
601 3079 777 3159 impositum
800 3080 976 3162 gladiatoris
998 3081 1170 3145 huiusmodi
1194 3081 1252 3144 ali-

198 3190 281 3270 quid,
319 3206 377 3270 quo
400 3187 490 3252 citius
503 3176 650 3267 ⁴sparsum
675 3185 777 3249 funem
812 3188 861 3251 vel
886 3189 1034 3270 jactatam
1057 3189 1164 3251 retiam
1187 3189 1250 3252 col·
1317 3199 1319 3203 '

197 3296 313 3379 ligat«,
349 3313 440 3377 quam
474 3294 555 3358 vocis
590 3293 839 3375 significationem
873 3296 1053 3359 confirmans
1083 3295 1249 3360 Garrucius

198 3404 280 3478 dicit,
304 3403 440 3486 galerum
465 3420 530 3466 esse
553 3403 702 3464 manicam
727 3419 742 3463 1
765 3401 843 3464 corio
867 3403 915 3466 val
947 3423 1005 3466 aere
1029 3405 1151 3478 factam,
1187 3421 1246 3484 qua

198 3511 318 3574 retiarii
340 3510 499 3573 sinistrum
521 3509 695 3573 bracchium
717 3502 879 3591 tegeretur,
899 3529 1025 3592 quaeque
1038 3513 1249 3591 suprahume-

199 3638 270 3682 rum
298 3611 438 3681 exstaret.
483 3618 569 3681 idem
593 3618 704 3698 spiram
728 3617 814 3680 docet
835 3636 896 3680 non
918 3617 1011 3681 fuisse
1034 3619 1146 3682 nodum
1162 3619 1252 3682 -l'uni-
1312 3600 1315 3604 ’

198 3725 269 3804 culi,
294 3743 353 3807 quo
375 3729 521 3807 tegumen
544 3725 651 3806 capitis
669 3724 725 3787 sub
737 3726 839 3787 mento
852 3725 1079 3806 astringeretur,
1103 3727 1156 3789 sed
1171 3725 1250 3788 funi·

198 3833 300 3897 culum
323 3832 545 3915 gladiatorium,
579 3832 632 3912 qui
665 3832 696 3893 in
730 3833 826 3913 signis
860 3835 951 3913 atque
981 3833 1095 3895 tabulis
1118 3833 1248 3914 pietisa

198 3941 321 4005 sinistro
338 3941 463 4004 humero
485 3940 523 4003 ad
546 3940 682 4010 dextram
705 3957 807 4002 coram
833 3939 1070 4003 circumcurrens
1094 3946 1124 4002 et
1148 3939 1245 4003 mani-

195 4067 262 4112 cam
285 4066 355 4112 cum
379 4048 476 4111 balteo
500 4047 684 4129 conjungens
706 4047 799 4111 rideri
822 4048 927 4128 possit.
973 4047 1058 4125 Quod
1081 4048 1118 4111 ad
1134 4066 1242 4111 vocum
