2694 4582
179 262 239 327 136
617 257 661 310 oe
681 256 786 324 ellipsi.

269 463 306 525 In
329 461 423 525 satira
445 461 558 535 octava,
589 459 641 522 ubi
662 462 760 540 poeta,
782 459 895 542 rapinis
916 460 949 523 in
970 459 1131 541 provinciis
1153 478 1231 541 prae·

176 570 324 634 sectorum
353 568 464 631 acriter
486 567 667 651 perstrictis
691 567 746 630 hos
768 586 872 631 versus
895 567 1017 648 scripsit
1039 569 1231 644 (a.v.121):

227 721 420 785 Curandum
441 720 614 799 ‘imprimis
637 739 677 782 ue
699 739 822 800 mopuu
843 720 972 800 tujum'o
992 719 1052 799 bot

221 828 379 891 Fortibus
392 831 421 891 et
432 827 571 889 uu'seu'a
604 825 716 889 Tobios
728 827 802 890 licet
814 847 905 890 ouuo
918 825 1005 906 quod
1022 845 1163 905 usquam
1183 828 1231 889 ost

219 936 308 999 Auri
330 939 428 1015 utque
450 934 600 1015 orpouu‘:
623 918 750 997 scutum
771 933 983 1015 plebiumque
1004 931 1168 1012 uoltuques

221 1041 267 1104 Et
283 1041 401 1123 jaculo
424 1044 454 1105 et
474 1040 621 1122 puteum:
644 1041 798 1122 spoliatis
820 1062 915 1104 ormo
936 1044 1122 1122 supersunt.

167 1211 373 1274 -Heinrichius
386 1212 496 1274 miram
509 1211 615 1274 Orellii
639 1210 867 1275 distinct-ionem
889 1214 1013 1274 mutans
1025 1213 1056 1274 et
1066 1229 1120 1291 pro
1132 1210 1228 1274 rob'u·

178 1337 256 1399 quos
279 1318 468 1381 substituens
490 1316 678 1396 rob’uquous
701 1317 744 1380 sic
765 1318 867 1382 locum
889 1318 1066 1400 distinguit:

219 1470 308 1533 Auu'
328 1473 428 1549 atquo
451 1469 589 1550 croculi,
611 1473 739 1532 scutum
760 1469 971 1550 placidumque
993 1469 1181 1550 uoltuqueus

218 1576 264 1639 Et
279 1575 398 1658 jaculo
421 1580 451 1639 et
473 1575 620 1658 pulcou:
642 1575 795 1656 spoliatis
818 1598 913 1640 omuu
934 1581 1119 1657 supersuut.
1193 1625 1195 1630 -

177 1764 269 1827 quern
291 1745 486 1809 Hermannus
513 1746 556 1809 ita
579 1745 722 1826 sequitur,
757 1748 793 1808 ut
823 1745 987 1825 uoltuquee
1014 1747 1227 1828 amplectatur.

174 1854 308 1919 Jahnius
330 1852 526 1916 Lachmanno
549 1854 670 1916 auctore
693 1871 813 1916 versum
837 1852 990 1930 ultimum,
1017 1853 1070 1934 qui
1093 1853 1228 1916 omnium

69 2025 73 2030 ,
174 1959 311 2023 codicum
347 1977 495 2022 consensu
531 1959 712 2034 defenditur,
747 1960 882 2040 spurium
909 1961 1052 2042 judicans
1080 1961 1111 2023 et
1140 1959 1228 2023 uncis

174 2065 331 2129 includens
349 2067 420 2149 post
434 2064 598 2144 reb’upuos
617 2068 729 2146 puncto
743 2066 859 2129 incidit.
904 2068 929 2128 Ε
948 2067 1142 2130 distinctione
1161 2067 1226 2130 sola

175 2173 323 2236 dissensio
337 2173 538 2256 interpretum
555 2173 667 2245 elucet;
684 2191 772 2236 nemo
784 2174 866 2236 enim
881 2192 983 2238 eorum
997 2175 1034 2237 de
1046 2173 1240 2246 cohaerentia¹

172 2279 320 2343 sermonis
340 2278 484 2360 loquitur,
508 2298 604 2361 neque
627 2298 775 2354 caussam,
807 2299 860 2343 cur
883 2281 1066 2365 scripturam
1084 2281 1162 2344 hanc
1178 2280 1227 2344 vel

171 2385 258 2448 illam
278 2386 456 2466 praetulerit,
487 2391 712 2451 commemorat.
766 2387 893 2451 Codices
923 2389 1002 2450 eninr
1032 2388 1226 2464 dissentiunt,

173 2492 229 2555 alii
251 2491 441 2572 uoltuqueus
464 2494 519 2569 (sic
541 2496 631 2558 codex
654 2496 861 2572 Pithoeanus)‚
890 2494 942 2557 alii
965 2493 1138 2574 uoltuque&
1173 2494 1227 2558 alii

170 2597 341 2678 relinquor
368 2600 490 2663 habent.
536 2600 617 2680 Quin
647 2604 739 2686 poeta
763 2601 890 2684 injurias
922 2602 1071 2665 sociorum
1099 2601 1227 2683 imperio

173 2706 310 2770 Romano
342 2708 527 2788 periculosas
561 2708 626 2770 lieri
657 2727 745 2789 posse
774 2709 967 2783 vaticinetur,
1002 2709 1128 2772 dubium
1164 2727 1224 2772 non
1260 2781 1263 2790 1

171 2816 227 2889 est,
259 2814 311 2876 sed
334 2814 372 2877 ab
395 2814 463 2878 aliis
484 2815 576 2878 verba
597 2814 662 2878 eius
685 2815 729 2878 sic
751 2815 845 2896 accipi
868 2815 1018 2894 videntur,
1054 2819 1089 2879 ut
1111 2820 1224 2900 praeter
1287 2823 1292 2832 '

170 2919 248 2982 bona
269 2939 353 2983 arma
376 2940 494 3002 quoque
516 2921 554 2985 iis
578 2921 742 2984 auferenda
764 2940 831 2985 esse
856 2927 986 2998 censeat,
1017 2923 1054 2986 ab
1077 2923 1146 2987 aliis
1170 2923 1223 3000 sic,

169 3029 204 3088 ut
226 3044 310 3090 arma
331 3027 369 3090 iis
393 3027 525 3108 relinqui·
544 3029 627 3092 velit.
674 3030 768 3092 Poeta
790 3028 898 3092 molles
920 3032 1011 3110 atque
1032 3030 1223 3094 effeminatos

170 3133 267 3196 socios
280 3134 456 3213 contemnit,
480 3153 601 3215 eosque,
624 3134 734 3215 quibus
756 3134 834 3198 bona
857 3138 887 3199 et
904 3135 1029 3200 libertas
1046 3137 1222 3218 eripiantur,

170 3238 278 3320 dignos
291 3258 357 3303 esse
370 3245 483 3319 censet,
506 3243 557 3305 sed
582 3261 616 3304 ex
639 3244 704 3304 tota
721 3241 815 3305 satira
832 3242 907 3305 satis
920 3243 1075 3307 evidenter
1087 3247 1220 3325 apparet,

171 3363 242 3409 eum
265 3347 400 3421 suadere,
437 3349 472 3410 ut
502 3347 631 3411 fortibus
657 3352 748 3430 atque
771 3349 932 3426 bellicosis,
966 3350 1019 3433 qui
1042 3353 1072 3413 et
1095 3349 1221 3432 imperio

169 3451 263 3516 utiles
286 3456 317 3516 et
338 3453 520 3535 injuriarum
541 3454 739 3538 impatientes
762 3456 832 3531 sint,
856 3459 1004 3538 parcatur.
1050 3458 1116 3520 Hoc
1126 3457 1222 3539 igitur

168 3557 250 3635 dicit,
284 3559 333 3622 his
362 3563 415 3623 ant
448 3561 540 3641 (quod
573 3562 638 3643 ipse
672 3581 824 3626 summanr
851 3563 995 3646 injuriam
1028 3582 1093 3627 esse
1124 3581 1221 3644 neque

102 3735 105 3741 ,
168 3664 272 3728 minus
294 3665 454 3747 indignum
475 3666 602 3748 imperio
626 3688 714 3750 quarn
728 3669 756 3732 ei
768 3670 949 3733 damnosum
961 3670 1105 3749 affirmat)
1128 3670 1221 3735 simul

169 3789 240 3833 curn
263 3771 350 3835 bonis
372 3790 457 3835 arma
479 3773 642 3839 auferenda
664 3794 739 3850 esse,
762 3779 816 3840 aut
838 3779 876 3841 iis
898 3780 1117 3842 consulendum
1136 3796 1219 3842 esso:

169 3878 339 3941 cavendum
362 3896 437 3954 esse,
460 3899 498 3943 ne
521 3884 552 3944 et
574 3881 685 3963 injuria
707 3883 887 3959 afficiantur,
911 3887 942 3948 et
964 3903 1049 3948 anna
1069 3885 1108 3949 iis
1130 3885 1219 3948 relin-

168 3988 309 4066 quantur.
354 3983 414 4049 Sed
443 4006 551 4050 aurum
574 3991 665 4070 atque
688 3993 851 4073 argentum
873 3992 911 4055 iis
934 3993 1020 4077 eripi,
1055 3992 1083 4055 id
1114 3993 1217 4078 ipsum

168 4094 261 4174 poeta
283 4091 363 4156 inter
389 4093 516 4176 injurias
540 4102 728 4172 annumerat,
763 4098 959 4180 quamobrem
982 4119 1096 4175 versus,
1125 4101 1219 4184 quia
