2694 4582
395 292 437 343 De
457 290 591 344 liberiore
610 289 758 343 verborum
776 288 882 356 positu.
1120 289 1165 355 33

117 496 244 573 debilis«
281 496 380 560 valere
414 495 539 574 dicetur,
575 497 607 559 et
639 493 792 559 confertur
814 491 936 557 Senecae
957 492 1058 557 locus:
1095 490 1166 556 »isti

116 604 241 686 expoliti
264 608 295 667 et
318 621 467 684 nusquam
490 602 549 665 nisi
570 602 601 666 iu
631 601 756 666 libidine
779 601 866 665 viri«.
916 600 981 665 Hoc
1013 603 1095 663 recte
1117 599 1165 664 di-

114 713 204 789 citur,
226 710 401 787 illudialso‚
424 727 496 773 nem
516 711 599 773 idem
620 713 652 773 et
674 710 823 791 expolitus
845 711 877 772 et
898 708 944 772 vir
966 726 1032 772 esse
1053 710 1164 790 potest

117 837 178 884 uon
198 820 275 883 item
298 820 329 882 et
351 836 433 900 ager
456 822 487 880 et
510 817 607 881 sortis.
653 815 895 896 substantivum,
924 817 1003 898 quod
1025 818 1073 880 est
1095 815 1165 880 libi

118 927 203 1003 diua,
227 927 266 991 ad
287 925 371 1007 prius
394 943 512 1007 quoque
535 925 707 988 membrum
729 925 909 989 audiendum
934 925 981 988 est
1003 922 1068 998 (cfr.
1092 921 1167 986 Sall.

117 1036 191 1117 Jug.
214 1033 322 1098 XXIX
344 1052 428 1114 ceper
450 1033 619 1109 auaritia),
643 1035 673 1096 ot
695 1033 881 1115 adjectivum
895 1031 1000 1115 fortis
1022 1030 1165 1094 hocloco

121 1143 240 1207 nonde
263 1140 394 1223 corporis
416 1141 530 1204 uiribus
553 1142 606 1204 sed
628 1141 664 1203 dc
687 1140 786 1203 animo
803 1139 929 1204 dicitur:
952 1140 985 1203 in
1007 1139 1071 1204 sola
1093 1138 1166 1202 libi-

118 1251 188 1315 dine
220 1249 308 1314 fortis
331 1252 391 1322 est3
427 1247 532 1312 viduas
566 1252 751 1330 aspematur‚
784 1250 940 1312 matronas
973 1251 1005 1312 et
1032 1246 1165 1329 virgines

120 1357 261 1422 Vestales
274 1357 312 1438 (v.
328 1357 380 1438 10)
396 1357 569 1438 corrumpit,
592 1355 665 1418 hinc
686 1353 816 1419 adulter
837 1359 969 1432 vocatur,
992 1355 1073 1436 quod
1094 1353 1169 1417 subs
1285 1408 1288 1419 ,

120 1465 289 1530 stantivum
312 1483 514 1545 praegressum
535 1467 766 1545 menstruum.
780 1465 813 1541 2)
826 1462 944 1549 excipi-t.
968 1461 1052 1526 Talis
1064 1464 1166 1526 autem

118 1573 267 1638 orationis
290 1571 473 1647 distributio,
507 1571 628 1652 qualem
663 1572 695 1634 hi
729 1590 832 1635 versus
859 1570 981 1648 habent,
1017 1587 1167 1652 nusquam

119 1681 202 1762 apud
224 1666 406 1744 iuvenalem
429 1679 577 1759 reperitur
608 1698 704 1760 neque
727 1679 800 1742 ferri
822 1682 932 1761 potest,
966 1697 1036 1743 nam
1057 1676 1167 1741 ultima
1235 1678 1239 1683 ’

118 1787 272 1852 sententia
294 1786 491 1867 perfinitum
514 1787 596 1850 verbi
620 1788 742 1851 modum
771 1788 852 1850 elata
880 1786 997 1850 duobus
1019 1783 1166 1866 appositis

120 1893 360 1977 praecedentibus
393 1893 471 1956 mele
505 1894 691 1976 adjungitur,
726 1914 819 1976 quum
853 1894 1013 1960 luvenalis
1045 1893 1078 1955 in
1111 1891 1168 1955 tuli

119 2003 339 2067 sententiarum
373 2001 582 2082 conjunctione
616 2005 669 2065 aut
702 2003 827 2066 eandem
860 2002 1005 2065 orationis
1040 2001 1169 2063 formam

119 2111 221 2173 seruet
238 2112 297 2171 aut
318 2108 445 2172 relativa
467 2109 619 2172 sententia
638 2110 793 2190 periodum
811 2109 942 2186 claudat,
966 2112 997 2172 et
1019 2106 1169 2191 adjectiva

122 2218 223 2299 (aper
244 2220 275 2280 et
289 2214 418 2298 fortis),
442 2216 494 2280 ubi
517 2216 741 2282 substantivum
761 2221 941 2280 monstrum
958 2216 1167 2299 praegreditur,

123 2324 347 2388 substantivum
383 2324 564 2388 desiderant.
619 2326 749 2389 Jahnius
777 2326 872 2408 igitur
904 2344 1009 2389 versus
1043 2323 1168 2386 ultimos

120 2433 167 2497 sic
189 2431 311 2496 scribit:

276 2580 306 2646 A
328 2585 429 2657 cittis,
453 2604 547 2664 caprea
570 2583 703 2668 soloque
725 2585 859 2650 libidine
873 2585 981 2668 sortes

276 2690 432 2754 Delicica:
454 2691 572 2755 viduos
595 2697 724 2757 tautum
746 2697 924 2774 spernatur
946 2691 1083 2756 adulter.

125 2863 179 2926 sed
204 2880 303 2943 neque
327 2861 484 2926 meliorem
508 2863 649 2927 orationis
678 2864 923 2928 distributionem
946 2862 1049 2941 efficit
1074 2879 1170 2942 neque

125 2969 363 3042 substantivum,
398 2973 476 3050 quod
509 2974 557 3034 est
589 2971 720 3050 delicie,
750 2972 793 3036 sic
825 2973 896 3054 poni
928 2973 1038 3053 potest,
1072 2985 1170 3049 neque

129 3077 247 3141 codices
264 3153 266 3156 Ι
283 3077 522 3142 emendationem
555 3081 778 3143 commendent.
834 3078 1065 3143 Substantivum
1097 3073 1173 3138 dcli

124 3185 195 3248 cias
217 3204 284 3247 cum
309 3184 416 3247 oioluae
443 3187 533 3268 Jungi
567 3186 672 3262 debet,
707 3207 802 3269 neque
836 3187 983 3267 intelligo,
1019 3203 1078 3266 quo
1104 3185 1174 3265 jure

126 3292 160 3355 in
182 3293 373 3355 enarratione
396 3294 504 3357 herum
532 3312 640 3358 vocum
667 3313 685 3358 a
708 3295 853 3376 Rupertio
875 3295 1060 3374 discedatur3
1084 3293 1173 3372 poeta

126 3403 208 3462 certe
244 3399 348 3463 mullis
380 3401 455 3464 iocis
488 3402 588 3483 lepide
611 3403 742 3485 jocetur,
777 3403 829 3466 sed
859 3422 930 3466 eum
963 3400 1097 3465 delicies
1130 3398 1175 3460 ci-

126 3505 201 3570 duoe
236 3505 418 3570 scribentem
451 3509 487 3570 de
520 3527 609 3572 uxore
633 3509 765 3590 Crispini
786 3511 947 3592 cogitasse,
981 3509 1061 3572 baud
1085 3504 1173 3570 facilc

127 3615 273 3695 cuiquam
308 3616 517 3680 concesserim.
583 3617 689 3680 Viduo
721 3618 800 3699 apud
833 3618 1014 3683 Juvenalem
1048 3621 1096 3679 est
1132 3632 1176 3689 ea,
1272 3647 1274 3650 ·

129 3739 221 3802 quam
243 3723 472 3787 nemomaritus
486 3761 525 3768 —
539 3725 602 3788 sive
630 3725 758 3806 innupta
780 3728 834 3800 est,
859 3727 921 3790 sive
944 3726 1070 3788 maritus
1094 3739 1175 3785 mor·

130 3831 203 3891 tuus
223 3835 284 3891 'est
317 3829 393 3904 (sive
427 3831 492 3894 doti
525 3831 667 3896 obnoxius
701 3837 749 3897 est
781 3830 1178 3914 ofr.V[‚141ea'daaest

126 3933 269 4016 locuples
291 3956 362 4019 quoe
383 3939 497 4018 nupsit
515 3941 629 4022 acero)
643 3977 685 3984 —
698 3941 782 4005 nulla
793 3942 840 4004 len
854 3941 997 4005 defendit.
1031 3938 1177 4002 Substan-

127 4043 236 4120 tivum
259 4045 339 4126 quod
363 4050 410 4109 est
422 4046 559 4116 adulter.
583 4049 715 4111 alterum
737 4049 908 4130 appositum
930 4050 994 4112 sine
1018 4047 1108 4112 dubio
1131 4046 1178 4108 est

125 4155 160 4215 et
182 4170 216 4214 ex
229 4151 389 4222 luvenalis
412 4154 552 4234 loquendi
575 4175 641 4229 usu,
665 4156 734 4237 quia
745 4157 862 4238 pondus
875 4156 997 4238 aliquod
1009 4157 1036 4219 ei
1048 4154 1177 4225 additur,

974 4262 989 4312 3
1176 4257 1179 4262 Δ
