2694 4582
199 273 264 336 202
536 269 578 321 De
597 269 754 322 mutatione
773 265 918 334 temporis.

200 473 284 544 XIV,
309 475 383 550 220,
407 471 495 554 326),
518 489 585 534 raro
607 471 743 533 futurum
767 473 905 532 exactum
928 468 992 545 (VI,
1016 472 1078 549 49),
1103 487 1252 550 nusquam

201 583 304 642 autom
334 579 471 642 futurum
500 580 620 660 tempus
642 577 708 653 (csr.
733 577 805 639 Hor.
832 575 895 639 Set.
918 576 958 652 ΙΙ,
981 579 1016 652 5,
1038 580 1109 654 46),
1143 595 1251 658 quam·

201 705 293 766 quam
315 686 372 749 hoc
393 688 514 766 tempus
536 685 568 747 in
591 683 684 746 simili
707 683 926 746 seutentiamm
948 683 1157 765 conjunctione
1179 703 1250 765 par-

201 791 303 856 6166166
327 811 426 871 quana
449 790 656 872 subjungitur:
691 789 725 862 V,
765 791 807 854 60
827 788 980 872 Respice,
1015 810 1114 870 qurum
1145 791 1249 868 sitim,

204 898 422 979 Ganymedem
458 897 626 971 6167111,
661 899 716 970 87,
750 896 794 970 Χ,
829 899 880 963 26.
925 897 993 960 Uno
1025 897 1109 973 loco,
1144 897 1251 979 quiin

200 1008 257 1069 666.
293 1006 323 1067 ΙΙ
347 1022 365 1066 6
387 1025 412 1067 v.
438 1007 499 1070 168
520 1003 647 1085 legitur:
681 1003 770 1066 Noun
803 1004 835 1065 si
866 1023 959 1066 nnana
990 1003 1118 1086 lonqion
1139 1005 1251 1068 nubent

197 1111 347 1175 Indulsit
363 1111 495 1190 pneris,
518 1129 585 1173 non
607 1129 754 1189 nnqrconn
776 1109 877 1173 deerit
899 1114 1043 1190 amator,
1073 1112 1104 1173 in
1126 1112 1250 1174 seuten-

200 1219 243 1282 tia
265 1217 411 1299 primaria
434 1218 581 1293 futurum,
604 1217 635 1279 io
659 1217 1012 1298 secundariuperiectum
1026 1222 1147 1298 tempus
1169 1217 1250 1298 posi·

198 1329 266 1389 tum
297 1325 460 1387 invenitur.
497 1359 534 1370 -
569 1325 708 1388 Praesens
742 1327 773 1387 et
799 1325 968 1405 perfectum
999 1327 1119 1404 tempus
1142 1324 1248 1386 eadem

165 1462 167 1465 ·
199 1432 263 1494 fere
297 1431 456 1512 proesentis
490 1431 589 1492 status
625 1430 672 1493 vol
704 1431 888 1494 condicionis
922 1431 1143 1512 significatione
1177 1432 1249 1512 poni

197 1556 298 1624 posse,
332 1524 390 1600 nou
423 1536 514 1620 pauci
536 1536 593 1600 loci
621 1537 761 1612 61666661)
797 1545 827 1610 (6
841 1537 957 1619 'quibus
989 1536 1036 1600 iiii
1065 1537 1247 1619 segregandi

199 1649 287 1721 sunt,
331 1643 384 1707 ubi
417 1660 553 1726 praesens
586 1645 707 1724 tempus
740 1645 776 1706 de
820 1663 852 1706 re
897 1645 1053 1725 praeterita
1083 1645 1249 1707 insolenter

198 1751 330 1832 positum
355 1751 403 1814 666
425 1749 479 1810 cfr.
502 1748 555 1823 XI,
583 1752 657 1814 160:
694 1730 729 1811 A¹
750 1750 867 1829 quibas
888 1752 958 1831 ipse
979 1751 1081 1827 uenit,
1110 1770 1249 1830 quornm

194 1857 256 1921 snb
278 1857 396 1919 uertice
419 1855 514 1931 insit,
547 1856 632 1928 XIII,
659 1859 733 1928 197,
758 1859 845 1933 Pers,
879 1857 937 1929 IV,
967 1860 1009 1936 2),
1032 1859 1085 1921 sed
1107 1858 1245 1921 animad-

196 1965 376 2029 vertendum
398 1965 459 2036 est,
493 1963 674 2026 Iuvenalem
696 1965 745 2043 (ut
766 1963 915 2027 interioris
943 1965 1043 2028 aetatis
1066 1965 1242 2046 scriptores)

196 2070 229 2133 in
251 2069 378 2150 perfecti
401 2087 459 2132 usu
482 2087 500 2130 6
523 2069 671 2148 prioribus
694 2089 752 2133 nou
775 2070 909 2150 paullum
934 2071 1103 2148 discedere,
1137 2072 1168 2133 et
1190 2071 1248 2134 hoc

163 2227 164 2230 6
196 2181 322 2263 tempus
345 2176 425 2256 apud
448 2194 517 2237 eum
540 2175 576 2237 dc
598 2193 630 2237 re
653 2177 808 2256 praeterite
830 2176 962 2256 positum
978 2177 1132 2241 interdum
1154 2177 1247 2241 etiam

141 2294 143 2298 ’
199 2301 264 2346 rem
289 2284 471 2366 presentem
501 2283 532 2343 et
554 2281 688 2345 futuram
711 2283 862 2363 amplecti.
907 2283 1047 2348 Primum
1075 2284 1156 2347 enim
1178 2301 1247 2364 per-

202 2390 317 2453 fectum
355 2391 476 2468 tempus
515 2389 547 2451 66
582 2390 735 2453 notionem
776 2391 820 2453 rei
857 2391 1020 2472 preteritae
1056 2392 1091 2452 et
1130 2391 1247 2453 statum

195 2496 315 2560 actione
348 2496 414 2577 jum
445 2491 531 2558 'finite
564 2501 735 2560 manentem
771 2497 920 2572 continet,
949 2495 1160 2577 quemobrem,
1193 2496 1246 2559 ubi

195 2594 337 2685 praesenti
372 2603 504 2682 tempori
536 2603 710 2684 adjunctum
736 2605 802 2682 est,
828 2606 926 2666 status
960 2603 1042 2666 notio
1075 2603 1120 2665 166
1151 2604 1246 2666 inter-

197 2710 272 2772 dum
297 2707 450 2790 proevalet,
471 2712 505 2770 ut
530 2709 690 2772 discrimen
713 2713 885 2790 temporum
906 2727 991 2790 poene
1015 2713 1190 2782 evanescat,
1214 2712 1246 2773 et

193 2816 359 2880 occurrunt
391 2813 459 2890 loci,
489 2815 541 2878 ubi
566 2816 598 2877 in
636 2815 787 2879 sententia
815 2816 958 2897 primaria
990 2835 1043 2897 per
1076 2817 1245 2898 perfectum

195 2924 276 2987 elota
288 2923 386 2985 status
398 2921 558 3001 proesentis
577 2922 659 2984 notio
670 2923 831 3002 praetoritae
848 2923 975 2986 actionis
988 2923 1243 3004 significationem

193 3031 239 3094 166
261 3027 464 3104 absorbuerit,
499 3030 535 3090 ut
557 3028 708 3091 sententia
730 3029 862 3109 pendens
890 3048 946 3112 per
966 3047 1100 3110 prensens
1122 3033 1244 3110 tempus

225 3283 243 3349 ¹)
265 3284 369 3337 Omnes
389 3287 477 3344 16666,
494 3285 541 3350 661
552 3285 664 3350 quidem
683 3285 712 3337 in
723 3287 972 3351 sequentibusnon
984 3293 1244 3352 commemorentur,

263 3368 405 3420 annotabo
416 3386 421 3420 z
433 3369 494 3435 XII,
504 3370 534 3424 91
542 3369 633 3420 Cuncta
641 3371 723 3436 nitent,
734 3371 815 3437 ionqos
825 3373 981 3435 erexitjanua
994 3388 1074 3422 ramos
1083 3371 1117 3420 Et
1122 3371 1245 3420 matutinis

262 3462 375 3516 operatur
376 3455 447 3517 festa
465 3454 578 3518 lucernis3
596 3452 669 3519 XIV,
689 3456 737 3509 173
755 3453 807 3505 Nec
821 3455 992 3519 pluraveiena
1001 3456 1103 3506 Miscuit
1118 3464 1161 3505 aut
1170 3456 1244 3518 ferro

260 3545 392 3600 qrassatur
409 3540 496 3602 sapius
513 3537 586 3586 nilum
603 3537 724 3588 Humanoe
741 3540 822 3588 mentis
832 3540 926 3600 uitium3
949 3537 990 3604 X,
1010 3541 1042 3593 16
1061 3538 1245 3589 Sasecoeirortos

263 3625 349 3674 clausit
372 3635 393 3674 et
412 3625 587 3673 Lateranorum
605 3621 694 3671 obsidet
711 3622 774 3672 oedes
797 3623 860 3673 Tota
877 3623 975 3685 conns,-
1007 3622 1061 3688 ΙΙΙ,
1088 3623 1121 3676 29
1144 3623 1169 3672 Τ
1167 3639 1243 3685 empo-

261 3710 334 3768 ribus,
353 3725 449 3772 quorum
467 3707 552 3756 sceleri
567 3723 612 3754 non
629 3707 717 3756 invenit
732 3708 786 3770 ipsa
796 3706 888 3757 Nomen
906 3717 928 3757 et
945 3725 962 3756 a
979 3706 1043 3756 nulio
1061 3705 1140 3770 posuit
1156 3714 1244 3754 natura

263 3791 374 3856 nietallo;
405 3790 470 3855 Vll,
497 3791 531 3844 18
548 3789 629 3840 Nectit
646 3790 775 3853 quicunque
797 3792 891 3840 canons
917 3790 1044 3854 Eloquium
1071 3789 1152 3840 vocale
1169 3789 1244 3840 modis

262 3876 400 3939 Ioniumque
412 3874 543 3924 momordit.
577 3872 623 3924 lili
634 3872 691 3924 loci
702 3874 868 3939 segregandi
880 3880 954 3940 sunt,
964 3874 992 3925 in
1003 3873 1105 3938 quibus
1116 3887 1243 3938 praesens

261 3958 444 4022 historicum,
479 3957 555 4022 quod
581 3963 712 4022 vocatur,
745 3956 892 4023 particuloe
918 3967 1043 4022 postquam
1060 3956 1184 4020 additur,
1212 3961 1244 4007 ut
1280 4008 1288 4019 ,

261 4042 324 4108 XII,
343 4045 376 4098 62
395 4042 447 4093 Sed
461 4051 587 4107 postquam
597 4042 678 4105 jacuit
695 4058 760 4090 mare
779 4041 878 4106 planum
893 4051 1020 4107 postquam
1038 4041 1127 4091 Pareoe
1143 4039 1245 4090 streiiora

255 4145 336 4192 pensa
354 4126 447 4192 ducunt,
465 4127 558 4176 modica
575 4152 608 4162 -
625 4123 695 4174 aden
713 4125 763 4178 cfr.
784 4123 841 4190 XV,
859 4127 901 4180 74.
