2694 4582
334 1296 383 1374 Ite
411 1293 644 1392 congruentia
671 1291 822 1390 subiecti
849 1296 884 1372 et
911 1293 1103 1392 praedicati.

260 1532 359 1644 ‘Duo
393 1581 530 1661 subjecta
553 1579 697 1659 singulari
732 1594 857 1642 numero
886 1579 984 1659 posita
1006 1581 1037 1641 et
1067 1579 1237 1660 copulative

144 1718 145 1722 ¹
189 1690 297 1772 juncta
318 1689 367 1752 his
389 1687 477 1749 loeis:
516 1685 635 1748 Vtouut
658 1687 817 1748 Arturtus
840 1687 915 1749 tatic
939 1689 969 1748 et
995 1684 1133 1748 Catulus
1167 1686 1241 1765 (III,

193 1799 265 1873 29),
299 1794 389 1858 Adeo
422 1797 600 1855 seuueruut
621 1792 776 1872 Juppe'ter
799 1797 829 1854 et
850 1793 949 1855 Mure
973 1793 1047 1870 (VI,
1082 1793 1154 1871 59),
1189 1791 1242 1854 ubi

90 1908 91 1911 ’
193 1902 319 1965 verbum
341 1901 379 1964 iis
402 1901 612 1980 praemoritur,
637 1901 783 1980 pluralem
809 1899 874 1962 eius
897 1918 1057 1962 numerum
1080 1899 1241 1973 asciscunt,

194 2027 261 2088 quae
285 2007 421 2087 exempla
446 2025 479 2068 ea
504 2008 540 2068 de
558 2025 663 2068 carrssa
683 2007 845 2069 insolentia
868 2010 948 2079 suut,
973 2007 1045 2087 quia
1067 2005 1239 2080 Iuvenalis,

193 2133 253 2176 norr
277 2112 376 2176 solum
399 2114 449 2175 ubi
474 2113 597 2174 verbum
621 2113 700 2174 inter
724 2113 807 2192 prius
830 2112 1001 2194 subjectum
1017 2116 1048 2175 et
1060 2112 1241 2192 portloulam

194 2220 397 2300 copulativam
432 2220 479 2281 vel
511 2220 592 2281 inter
615 2221 691 2281 hano
725 2222 755 2280 et
777 2219 927 2299 posterius
951 2219 1124 2299 subjectum
1145 2218 1240 2280 inter-

193 2327 317 2406 ponitur
340 2326 442 2406 (quem
465 2327 625 2389 verborum
647 2327 780 2388 ordinem
806 2326 842 2388 ab
866 2344 900 2388 eo
927 2324 990 2386 fere
1013 2343 1131 2406 semper
1152 2325 1240 2388 adhi-

196 2433 267 2506 beri,
289 2432 461 2495 liberiorem
474 2433 631 2496 verborum
644 2433 776 2512 positum
788 2434 955 2494 tractantes
971 2432 1150 2510 docuimus),
1174 2431 1242 2494 ubi-

194 2558 267 2620 que,
301 2539 375 2602 lioet
413 2543 576 2620 utrumque
599 2540 771 2620 subjectum
799 2538 847 2600 vel
877 2539 1008 2601 alterum
1035 2541 1137 2601 utrum
1172 2557 1242 2618 per·

194 2663 299 2708 sonam
323 2645 483 2726 significet,
508 2663 590 2709 more
612 2648 771 2726 poetarum
783 2645 966 2726 singularem
985 2645 1067 2707 verbi
1080 2663 1241 2708 uulnerum

193 2753 280 2832 ponit
315 2752 382 2833 (cfr.
416 2752 452 2824 X,
487 2754 550 2816 202
589 2751 631 2816 Ut
658 2750 850 2814 Ouesuuctua
882 2752 1041 2831 acceperet
1072 2750 1243 2832 suasoque
1283 2790 1287 2796 ·

194 2857 363 2935 Potpueuu
379 2858 494 2937 puttu;
529 2859 603 2936 VII,
638 2861 678 2924 69
701 2859 791 2921 Num
812 2859 843 2920 st
873 2858 1010 2939 Vtrpe'tto
1027 2879 1114 2938 puer
1144 2862 1174 2922 et
1197 2863 1241 2922 to-

195 2963 333 3027 torubo'te
368 2964 453 3028 desit
474 2965 681 3046 Hospitium,
717 2966 768 3046 qui
797 2965 954 3029 verborum
976 2966 1095 3046 positus
1116 2967 1243 3029 verbum

195 3071 353 3135 sententia
366 3072 394 3134 ei
418 3073 560 3146 membro,
584 3073 633 3135 cui
655 3073 849 3135 intersertum
875 3077 936 3145 est,
960 3073 1055 3162 artius
1078 3072 1242 3154 adjungit),

195 3180 248 3241 sed
272 3179 367 3240 etiam
389 3179 523 3250 verbum,
547 3178 597 3241 ubi
622 3179 767 3260 subjectis
789 3178 837 3241 vel
866 3171 1064 3259 praemittItur
1087 3178 1134 3241 vel
1156 3181 1240 3260 post-

194 3285 333 3366 ponitur,
372 3282 521 3364 sio'gulari
554 3305 679 3349 numero
711 3287 813 3348 etiert:
847 3287 876 3359 l,
906 3289 947 3350 35
979 3293 1079 3366 Quem
1110 3299 1243 3349 muucre

189 3391 312 3472 putprut
338 3391 447 3454 Curuo
481 3396 511 3454 et
539 3412 561 3454 u
584 3392 708 3473 treptcto
736 3392 883 3471 Ttopuoete
904 3393 1079 3454 summissu
1101 3392 1242 3476 Lutu'u03

195 3499 283 3581 VIII,
311 3503 371 3564 108
389 3499 477 3562 Grau
493 3520 623 3579 paruus
639 3520 795 3579 equorum
818 3504 848 3562 et
864 3504 963 3580 puter
986 3501 1125 3562 uumeuto'
1148 3503 1242 3580 capto

120 3672 123 3677 ,
196 3607 354 3684 eripietur
376 3605 490 3686 upetto.
536 3607 589 3684 Iis,
612 3627 678 3688 quae
702 3626 792 3687 supra
814 3608 912 3680 attuli,
935 3607 1080 3687 exemplis
1098 3627 1133 3669 ex
1149 3609 1244 3671 satira

196 3717 279 3775 sexta
310 3712 428 3786 locum,
463 3714 514 3793 qui
543 3733 608 3777 av.
634 3714 845 3794 2881egitur:
879 3714 947 3777 Neo
978 3715 1069 3776 otttc's
1097 3715 1244 3795 ccutc'upo‘

189 3839 301 3898 porco
323 3821 475 3882 stuebuut
490 3819 585 3883 Tecto
609 3821 701 3884 tutor·
715 3821 1010 3902 aomutquetreoea
1034 3822 1072 3884 ob
1093 3820 1243 3902 pluralem

196 3925 321 3988 alterius
351 3927 479 4008 subjecti
514 3947 683 3991 numerum.
708 3948 767 3991 non
797 3929 936 4010 adjunxi,
971 3921 1077 3991 sed're
1101 3946 1170 3992 vera
1193 3929 1243 3992 hio

194 4031 294 4106 loona,
330 4033 355 4095 si
389 4034 549 4097 Iuvenalis
583 4036 723 4115 loquendi
757 4055 848 4098 usum
882 4038 1068 4116 spectamus,
1101 4036 1243 4116 loquendi
