<?xml version="1.0" encoding="UTF-8"?>
<!DOCTYPE html PUBLIC "-//W3C//DTD XHTML 1.0 Transitional//EN"
    "http://www.w3.org/TR/xhtml1/DTD/xhtml1-transitional.dtd">
<html xmlns="http://www.w3.org/1999/xhtml" xml:lang="en" lang="en">
 <head>
  <title>
</title>
<meta http-equiv="Content-Type" content="text/html;charset=utf-8" />
  <meta name='ocr-system' content='tesseract 3.04.00' />
  <meta name='ocr-capabilities' content='ocr_page ocr_carea ocr_par ocr_line ocrx_word'/>
</head>
<body>
  <div class='ocr_page' id='page_1' title='image "./sermonemdjuniij00kigoog_0173.png"; bbox 0 0 2694 4582; ppageno 0'>
   <div class='ocr_carea' id='block_1_1' title="bbox 180 297 792 365">
    <p class='ocr_par' dir='ltr' id='par_1_1' title="bbox 180 297 792 365">
     <span class='ocr_line' id='line_1_1' title="bbox 180 297 792 365; baseline 0.005 -16"><span class='ocrx_word' id='word_1_1' title='bbox 180 300 241 364; x_wconf 78' lang='lat'>162</span> <span class='ocrx_word' id='word_1_2' title='bbox 622 297 665 350; x_wconf 91' lang='lat' dir='ltr'>De</span> <span class='ocrx_word' id='word_1_3' title='bbox 685 297 792 365; x_wconf 84' lang='lat' dir='ltr'>ellipsi.</span> 
     </span>
    </p>
   </div>
   <div class='ocr_carea' id='block_1_2' title="bbox 178 500 1231 692">
    <p class='ocr_par' dir='ltr' id='par_1_2' title="bbox 178 500 1231 692">
     <span class='ocr_line' id='line_1_2' title="bbox 178 500 1227 594; baseline 0.006 -32"><span class='ocrx_word' id='word_1_4' title='bbox 178 503 262 582; x_wconf 89' lang='lat' dir='ltr'>puto.</span> <span class='ocrx_word' id='word_1_5' title='bbox 306 501 351 563; x_wconf 88' lang='lat' dir='ltr'>At</span> <span class='ocrx_word' id='word_1_6' title='bbox 375 518 436 582; x_wconf 90' lang='lat' dir='ltr'>qua</span> <span class='ocrx_word' id='word_1_7' title='bbox 456 518 489 563; x_wconf 89' lang='lat' dir='ltr'>re</span> <span class='ocrx_word' id='word_1_8' title='bbox 512 500 596 577; x_wconf 81' lang='lat' dir='ltr'>dives</span> <span class='ocrx_word' id='word_1_9' title='bbox 619 500 738 580; x_wconf 87' lang='lat' dir='ltr'>plebeia</span> <span class='ocrx_word' id='word_1_10' title='bbox 760 502 907 566; x_wconf 79' lang='lat' dir='ltr'>notatur?</span> <span class='ocrx_word' id='word_1_11' title='bbox 932 503 1028 584; x_wconf 85' lang='lat' dir='ltr'>Longi</span> <span class='ocrx_word' id='word_1_12' title='bbox 1053 504 1118 567; x_wconf 87' lang='lat' dir='ltr'>auri</span> <span class='ocrx_word' id='word_1_13' title='bbox 1143 522 1227 594; x_wconf 87' lang='lat' dir='ltr'>com·</span> 
     </span>
     <span class='ocr_line' id='line_1_3' title="bbox 179 606 1231 692; baseline 0.004 -22"><span class='ocrx_word' id='word_1_14' title='bbox 179 607 407 670; x_wconf 82' lang='lat' dir='ltr'><strong>memoratione.</strong></span> <span class='ocrx_word' id='word_1_15' title='bbox 441 606 501 670; x_wconf 88' lang='lat' dir='ltr'>Hic</span> <span class='ocrx_word' id='word_1_16' title='bbox 522 607 688 687; x_wconf 78' lang='lat' dir='ltr'>ingeniosa</span> <span class='ocrx_word' id='word_1_17' title='bbox 700 607 858 690; x_wconf 88' lang='lat' dir='ltr'>Madvigii</span> <span class='ocrx_word' id='word_1_18' title='bbox 873 609 1063 691; x_wconf 82' lang='lat' dir='ltr'>conjecturae,</span> <span class='ocrx_word' id='word_1_19' title='bbox 1087 629 1154 692; x_wconf 90' lang='lat' dir='ltr'>quae</span> <span class='ocrx_word' id='word_1_20' title='bbox 1177 629 1231 692; x_wconf 92' lang='lat' dir='ltr'>pro</span> 
     </span>
    </p>
   </div>
   <div class='ocr_carea' id='block_1_3' title="bbox 49 704 1262 800">
    <p class='ocr_par' dir='ltr' id='par_1_3' title="bbox 49 704 1262 800">
     <span class='ocr_line' id='line_1_4' title="bbox 49 704 1262 800; baseline 0.004 -24"><span class='ocrx_word' id='word_1_21' title='bbox 49 704 62 720; x_wconf 83' lang='grc'><em>“</em></span> <span class='ocrx_word' id='word_1_22' title='bbox 179 734 298 777; x_wconf 82' lang='lat' dir='ltr'>aarum</span> <span class='ocrx_word' id='word_1_23' title='bbox 321 721 359 784; x_wconf 84' lang='lat' dir='ltr'>(v.</span> <span class='ocrx_word' id='word_1_24' title='bbox 382 715 458 796; x_wconf 79' lang='lat'><strong>589)</strong></span> <span class='ocrx_word' id='word_1_25' title='bbox 482 713 641 778; x_wconf 73' lang='lat' dir='ltr'>substituit</span> <span class='ocrx_word' id='word_1_26' title='bbox 663 734 807 790; x_wconf 82' lang='lat' dir='ltr'>armam,</span> <span class='ocrx_word' id='word_1_27' title='bbox 845 714 968 796; x_wconf 88' lang='lat' dir='ltr'>obsequi</span> <span class='ocrx_word' id='word_1_28' title='bbox 1002 735 1062 780; x_wconf 92' lang='lat' dir='ltr'>non</span> <span class='ocrx_word' id='word_1_29' title='bbox 1095 736 1230 800; x_wconf 81' lang='lat' dir='ltr'>possum.</span> <span class='ocrx_word' id='word_1_30' title='bbox 1261 737 1262 740; x_wconf 45' lang='lat'>¹</span> 
     </span>
    </p>
   </div>
   <div class='ocr_carea' id='block_1_4' title="bbox 177 821 1246 3152">
    <p class='ocr_par' dir='ltr' id='par_1_4' title="bbox 177 821 1246 3152">
     <span class='ocr_line' id='line_1_5' title="bbox 179 821 1231 905; baseline 0.002 -19"><span class='ocrx_word' id='word_1_31' title='bbox 179 822 354 903; x_wconf 84' lang='lat' dir='ltr'>Madvigius</span> <span class='ocrx_word' id='word_1_32' title='bbox 372 822 463 896; x_wconf 83' lang='lat' dir='ltr'>enim,</span> <span class='ocrx_word' id='word_1_33' title='bbox 487 821 559 902; x_wconf 87' lang='lat' dir='ltr'>quia</span> <span class='ocrx_word' id='word_1_34' title='bbox 581 821 692 884; x_wconf 91' lang='lat' dir='ltr'>mulier</span> <span class='ocrx_word' id='word_1_35' title='bbox 713 821 750 884; x_wconf 93' lang='lat' dir='ltr'>de</span> <span class='ocrx_word' id='word_1_36' title='bbox 773 823 862 903; x_wconf 90' lang='lat' dir='ltr'>volgo</span> <span class='ocrx_word' id='word_1_37' title='bbox 885 821 1030 886; x_wconf 92' lang='lat' dir='ltr'>divitibus</span> <span class='ocrx_word' id='word_1_38' title='bbox 1053 827 1231 905; x_wconf 83' lang='lat' dir='ltr'>opponatur,</span> 
     </span>
     <span class='ocr_line' id='line_1_6' title="bbox 177 928 1231 1011; baseline 0.002 -19"><span class='ocrx_word' id='word_1_39' title='bbox 177 929 262 1011; x_wconf 92' lang='lat' dir='ltr'>longi</span> <span class='ocrx_word' id='word_1_40' title='bbox 284 929 351 993; x_wconf 89' lang='lat' dir='ltr'>auri</span> <span class='ocrx_word' id='word_1_41' title='bbox 373 928 627 1011; x_wconf 88' lang='lat' dir='ltr'>significationem</span> <span class='ocrx_word' id='word_1_42' title='bbox 648 929 870 992; x_wconf 81' lang='lat' dir='ltr'>alienissimam</span> <span class='ocrx_word' id='word_1_43' title='bbox 894 948 961 992; x_wconf 87' lang='lat' dir='ltr'>esse</span> <span class='ocrx_word' id='word_1_44' title='bbox 985 930 1075 1006; x_wconf 88' lang='lat' dir='ltr'>dicit,</span> <span class='ocrx_word' id='word_1_45' title='bbox 1105 933 1158 994; x_wconf 93' lang='lat' dir='ltr'>sed</span> <span class='ocrx_word' id='word_1_46' title='bbox 1181 951 1231 996; x_wconf 92' lang='lat' dir='ltr'>or-</span> 
     </span>
     <span class='ocr_line' id='line_1_7' title="bbox 179 1034 1231 1119; baseline 0.002 -19"><span class='ocrx_word' id='word_1_47' title='bbox 179 1037 248 1100; x_wconf 89' lang='lat' dir='ltr'>dine</span> <span class='ocrx_word' id='word_1_48' title='bbox 271 1055 414 1100; x_wconf 91' lang='lat' dir='ltr'>versuum</span> <span class='ocrx_word' id='word_1_49' title='bbox 436 1039 556 1100; x_wconf 89' lang='lat' dir='ltr'>mutato</span> <span class='ocrx_word' id='word_1_50' title='bbox 585 1041 616 1099; x_wconf 89' lang='lat' dir='ltr'>et</span> <span class='ocrx_word' id='word_1_51' title='bbox 631 1034 860 1110; x_wconf 79' lang='lat' dir='ltr'>distributione,</span> <span class='ocrx_word' id='word_1_52' title='bbox 896 1054 985 1116; x_wconf 89' lang='lat' dir='ltr'>quam</span> <span class='ocrx_word' id='word_1_53' title='bbox 1010 1038 1231 1119; x_wconf 70' lang='lat' dir='ltr'>proposuimus</span> 
     </span>
     <span class='ocr_line' id='line_1_8' title="bbox 181 1141 1231 1222; baseline 0.002 -15"><span class='ocrx_word' id='word_1_54' title='bbox 181 1143 360 1217; x_wconf 85' lang='lat' dir='ltr'>substituta,</span> <span class='ocrx_word' id='word_1_55' title='bbox 396 1143 506 1207; x_wconf 89' lang='lat' dir='ltr'>mulier</span> <span class='ocrx_word' id='word_1_56' title='bbox 528 1143 564 1205; x_wconf 91' lang='lat' dir='ltr'>de</span> <span class='ocrx_word' id='word_1_57' title='bbox 597 1142 686 1222; x_wconf 87' lang='lat' dir='ltr'>volgo</span> <span class='ocrx_word' id='word_1_58' title='bbox 709 1143 793 1205; x_wconf 87' lang='lat' dir='ltr'>dives</span> <span class='ocrx_word' id='word_1_59' title='bbox 821 1142 852 1205; x_wconf 91' lang='lat' dir='ltr'>in</span> <span class='ocrx_word' id='word_1_60' title='bbox 881 1141 961 1206; x_wconf 86' lang='lat' dir='ltr'>circo</span> <span class='ocrx_word' id='word_1_61' title='bbox 983 1144 1143 1208; x_wconf 89' lang='lat' dir='ltr'>consulens</span> <span class='ocrx_word' id='word_1_62' title='bbox 1166 1165 1231 1209; x_wconf 93' lang='lat' dir='ltr'>mu·</span> 
     </span>
     <span class='ocr_line' id='line_1_9' title="bbox 179 1249 1230 1331; baseline 0 -17"><span class='ocrx_word' id='word_1_63' title='bbox 179 1251 248 1314; x_wconf 93' lang='lat' dir='ltr'>lieri</span> <span class='ocrx_word' id='word_1_64' title='bbox 261 1252 298 1313; x_wconf 94' lang='lat' dir='ltr'>de</span> <span class='ocrx_word' id='word_1_65' title='bbox 311 1251 471 1314; x_wconf 87' lang='lat' dir='ltr'>nobilitate</span> <span class='ocrx_word' id='word_1_66' title='bbox 486 1249 573 1312; x_wconf 91' lang='lat' dir='ltr'>diviti</span> <span class='ocrx_word' id='word_1_67' title='bbox 596 1249 678 1312; x_wconf 92' lang='lat' dir='ltr'>domi</span> <span class='ocrx_word' id='word_1_68' title='bbox 695 1249 865 1312; x_wconf 74' lang='lat' dir='ltr'>considenti</span> <span class='ocrx_word' id='word_1_69' title='bbox 878 1250 1047 1331; x_wconf 78' lang='lat' dir='ltr'>opponitur,</span> <span class='ocrx_word' id='word_1_70' title='bbox 1064 1253 1096 1314; x_wconf 90' lang='lat' dir='ltr'>ct</span> <span class='ocrx_word' id='word_1_71' title='bbox 1114 1269 1230 1328; x_wconf 85' lang='lat' dir='ltr'>caussa,</span> 
     </span>
     <span class='ocr_line' id='line_1_10' title="bbox 179 1356 1230 1439; baseline 0.001 -19"><span class='ocrx_word' id='word_1_72' title='bbox 179 1376 239 1439; x_wconf 86' lang='lat' dir='ltr'>qua</span> <span class='ocrx_word' id='word_1_73' title='bbox 261 1361 429 1422; x_wconf 90' lang='lat' dir='ltr'>commotus</span> <span class='ocrx_word' id='word_1_74' title='bbox 449 1356 621 1438; x_wconf 85' lang='lat' dir='ltr'>Madvigius</span> <span class='ocrx_word' id='word_1_75' title='bbox 645 1357 744 1420; x_wconf 90' lang='lat' dir='ltr'>locum</span> <span class='ocrx_word' id='word_1_76' title='bbox 769 1357 943 1438; x_wconf 85' lang='lat' dir='ltr'>conjectura</span> <span class='ocrx_word' id='word_1_77' title='bbox 966 1356 1146 1433; x_wconf 79' lang='lat' dir='ltr'>emendavit</span> <span class='ocrx_word' id='word_1_78' title='bbox 1169 1358 1230 1422; x_wconf 92' lang='lat' dir='ltr'>tol-</span> 
     </span>
     <span class='ocr_line' id='line_1_11' title="bbox 178 1462 1231 1546; baseline 0 -18"><span class='ocrx_word' id='word_1_79' title='bbox 178 1465 262 1528; x_wconf 93' lang='lat' dir='ltr'>litur.</span> <span class='ocrx_word' id='word_1_80' title='bbox 314 1464 489 1546; x_wconf 85' lang='lat' dir='ltr'>Madvigius</span> <span class='ocrx_word' id='word_1_81' title='bbox 517 1463 610 1526; x_wconf 89' lang='lat' dir='ltr'>etiam</span> <span class='ocrx_word' id='word_1_82' title='bbox 640 1463 677 1526; x_wconf 89' lang='lat' dir='ltr'>de</span> <span class='ocrx_word' id='word_1_83' title='bbox 704 1464 771 1543; x_wconf 89' lang='lat' dir='ltr'>ipsa</span> <span class='ocrx_word' id='word_1_84' title='bbox 804 1462 895 1544; x_wconf 69' lang='lat' dir='ltr'>longe</span> <span class='ocrx_word' id='word_1_85' title='bbox 923 1464 1001 1526; x_wconf 82' lang='lat' dir='ltr'>euri</span> <span class='ocrx_word' id='word_1_86' title='bbox 1029 1464 1231 1546; x_wconf 89' lang='lat' dir='ltr'>appellatione</span> 
     </span>
     <span class='ocr_line' id='line_1_12' title="bbox 182 1566 1232 1653; baseline 0.001 -19"><span class='ocrx_word' id='word_1_87' title='bbox 182 1571 317 1646; x_wconf 88' lang='lat' dir='ltr'>dubitat,</span> <span class='ocrx_word' id='word_1_88' title='bbox 351 1566 417 1634; x_wconf 88' lang='lat' dir='ltr'>sed</span> <span class='ocrx_word' id='word_1_89' title='bbox 432 1571 575 1653; x_wconf 86' lang='lat' dir='ltr'>adjuncta</span> <span class='ocrx_word' id='word_1_90' title='bbox 598 1572 746 1633; x_wconf 87' lang='lat' dir='ltr'>nudarum</span> <span class='ocrx_word' id='word_1_91' title='bbox 770 1571 921 1634; x_wconf 83' lang='lat' dir='ltr'>cervicum</span> <span class='ocrx_word' id='word_1_92' title='bbox 944 1571 1232 1636; x_wconf 79' lang='lat' dir='ltr'>commemoratione</span> 
     </span>
     <span class='ocr_line' id='line_1_13' title="bbox 178 1677 1230 1760; baseline 0.001 -18"><span class='ocrx_word' id='word_1_93' title='bbox 178 1681 269 1760; x_wconf 87' lang='lat' dir='ltr'>poeta</span> <span class='ocrx_word' id='word_1_94' title='bbox 303 1682 383 1742; x_wconf 90' lang='lat' dir='ltr'>certe</span> <span class='ocrx_word' id='word_1_95' title='bbox 407 1696 466 1741; x_wconf 90' lang='lat' dir='ltr'>non</span> <span class='ocrx_word' id='word_1_96' title='bbox 490 1677 670 1740; x_wconf 91' lang='lat' dir='ltr'>insolentius</span> <span class='ocrx_word' id='word_1_97' title='bbox 693 1678 750 1740; x_wconf 88' lang='lat' dir='ltr'>hoe</span> <span class='ocrx_word' id='word_1_98' title='bbox 773 1678 838 1740; x_wconf 90' lang='lat' dir='ltr'>loco</span> <span class='ocrx_word' id='word_1_99' title='bbox 861 1678 982 1742; x_wconf 89' lang='lat' dir='ltr'>locutus</span> <span class='ocrx_word' id='word_1_100' title='bbox 1004 1681 1052 1742; x_wconf 90' lang='lat' dir='ltr'>est</span> <span class='ocrx_word' id='word_1_101' title='bbox 1084 1699 1176 1760; x_wconf 88' lang='lat' dir='ltr'>qnam</span> <span class='ocrx_word' id='word_1_102' title='bbox 1198 1679 1230 1743; x_wconf 93' lang='lat' dir='ltr'>in</span> 
     </span>
     <span class='ocr_line' id='line_1_14' title="bbox 179 1782 1230 1869; baseline -0.001 -19"><span class='ocrx_word' id='word_1_103' title='bbox 179 1786 281 1850; x_wconf 76' lang='lat' dir='ltr'>satirae</span> <span class='ocrx_word' id='word_1_104' title='bbox 304 1785 429 1848; x_wconf 82' lang='lat' dir='ltr'>decimae</span> <span class='ocrx_word' id='word_1_105' title='bbox 451 1787 558 1869; x_wconf 61' lang='lat' dir='ltr'>abb:</span> <span class='ocrx_word' id='word_1_106' title='bbox 581 1782 627 1846; x_wconf 87' lang='lat' dir='ltr'>Et</span> <span class='ocrx_word' id='word_1_107' title='bbox 650 1783 716 1846; x_wconf 82' lang='lat' dir='ltr'>lato</span> <span class='ocrx_word' id='word_1_108' title='bbox 740 1783 890 1848; x_wconf 74' lang='lat' dir='ltr'>Setinum</span> <span class='ocrx_word' id='word_1_109' title='bbox 918 1784 1046 1849; x_wconf 78' lang='lat' dir='ltr'>ardebit</span> <span class='ocrx_word' id='word_1_110' title='bbox 1077 1785 1114 1849; x_wconf 81' lang='lat' dir='ltr'>e&#39;n</span> <span class='ocrx_word' id='word_1_111' title='bbox 1136 1805 1230 1862; x_wconf 83' lang='lat' dir='ltr'>aare,</span> 
     </span>
     <span class='ocr_line' id='line_1_15' title="bbox 180 1891 1246 1975; baseline 0.001 -19"><span class='ocrx_word' id='word_1_112' title='bbox 180 1893 232 1956; x_wconf 92' lang='lat' dir='ltr'>ubi</span> <span class='ocrx_word' id='word_1_113' title='bbox 254 1893 396 1975; x_wconf 88' lang='lat' dir='ltr'>adjuncta</span> <span class='ocrx_word' id='word_1_114' title='bbox 422 1891 482 1954; x_wconf 91' lang='lat' dir='ltr'>vini</span> <span class='ocrx_word' id='word_1_115' title='bbox 506 1891 792 1955; x_wconf 89' lang='lat' dir='ltr'>commemoratione</span> <span class='ocrx_word' id='word_1_116' title='bbox 822 1891 925 1954; x_wconf 82' lang='lat' dir='ltr'>lotam</span> <span class='ocrx_word' id='word_1_117' title='bbox 949 1913 1069 1956; x_wconf 82' lang='lat' dir='ltr'>aarum</span> <span class='ocrx_word' id='word_1_118' title='bbox 1089 1912 1144 1975; x_wconf 91' lang='lat' dir='ltr'>pro</span> <span class='ocrx_word' id='word_1_119' title='bbox 1166 1893 1246 1958; x_wconf 87' lang='lat' dir='ltr'>lato</span> 
     </span>
     <span class='ocr_line' id='line_1_16' title="bbox 181 1999 1230 2081; baseline 0 -18"><span class='ocrx_word' id='word_1_120' title='bbox 181 2000 288 2081; x_wconf 92' lang='lat' dir='ltr'>poculo</span> <span class='ocrx_word' id='word_1_121' title='bbox 311 2017 401 2062; x_wconf 90' lang='lat' dir='ltr'>aureo</span> <span class='ocrx_word' id='word_1_122' title='bbox 425 1999 509 2062; x_wconf 85' lang='lat' dir='ltr'>dixit.</span> <span class='ocrx_word' id='word_1_123' title='bbox 553 1999 622 2062; x_wconf 90' lang='lat' dir='ltr'>Non</span> <span class='ocrx_word' id='word_1_124' title='bbox 646 2000 745 2062; x_wconf 88' lang='lat' dir='ltr'>solum</span> <span class='ocrx_word' id='word_1_125' title='bbox 773 2000 941 2064; x_wconf 88' lang='lat' dir='ltr'>ditissimas</span> <span class='ocrx_word' id='word_1_126' title='bbox 969 2000 1005 2063; x_wconf 94' lang='lat' dir='ltr'>de</span> <span class='ocrx_word' id='word_1_127' title='bbox 1028 1999 1117 2081; x_wconf 91' lang='lat' dir='ltr'>plebe</span> <span class='ocrx_word' id='word_1_128' title='bbox 1139 1999 1230 2063; x_wconf 89' lang='lat' dir='ltr'>ferni-</span> 
     </span>
     <span class='ocr_line' id='line_1_17' title="bbox 179 2105 1232 2188; baseline 0.002 -18"><span class='ocrx_word' id='word_1_129' title='bbox 179 2125 234 2170; x_wconf 86' lang='lat' dir='ltr'>nas</span> <span class='ocrx_word' id='word_1_130' title='bbox 268 2125 372 2170; x_wconf 90' lang='lat' dir='ltr'>verum</span> <span class='ocrx_word' id='word_1_131' title='bbox 397 2106 488 2169; x_wconf 90' lang='lat' dir='ltr'>etiarn</span> <span class='ocrx_word' id='word_1_132' title='bbox 512 2123 619 2169; x_wconf 85' lang='lat' dir='ltr'>uxores</span> <span class='ocrx_word' id='word_1_133' title='bbox 652 2105 783 2168; x_wconf 92' lang='lat' dir='ltr'>virorum</span> <span class='ocrx_word' id='word_1_134' title='bbox 808 2106 952 2169; x_wconf 87' lang='lat' dir='ltr'>fertiliore</span> <span class='ocrx_word' id='word_1_135' title='bbox 984 2111 1103 2188; x_wconf 74' lang='lat' dir='ltr'>quaestu</span> <span class='ocrx_word' id='word_1_136' title='bbox 1136 2108 1232 2172; x_wconf 82' lang='lat' dir='ltr'>vitam</span> 
     </span>
     <span class='ocr_line' id='line_1_18' title="bbox 182 2213 1227 2294; baseline 0.001 -17"><span class='ocrx_word' id='word_1_137' title='bbox 182 2213 422 2277; x_wconf 88' lang='lat' dir='ltr'>sustentantium</span> <span class='ocrx_word' id='word_1_138' title='bbox 455 2230 562 2275; x_wconf 88' lang='lat' dir='ltr'>aureos</span> <span class='ocrx_word' id='word_1_139' title='bbox 586 2215 708 2293; x_wconf 89' lang='lat' dir='ltr'>torques</span> <span class='ocrx_word' id='word_1_140' title='bbox 731 2216 852 2294; x_wconf 88' lang='lat' dir='ltr'>gestare</span> <span class='ocrx_word' id='word_1_141' title='bbox 874 2213 983 2277; x_wconf 89' lang='lat' dir='ltr'>solitas</span> <span class='ocrx_word' id='word_1_142' title='bbox 1006 2232 1073 2278; x_wconf 85' lang='lat' dir='ltr'>esse</span> <span class='ocrx_word' id='word_1_143' title='bbox 1096 2217 1227 2278; x_wconf 83' lang='lat' dir='ltr'>constat.</span> 
     </span>
     <span class='ocr_line' id='line_1_19' title="bbox 181 2319 1231 2400; baseline 0.001 -17"><span class='ocrx_word' id='word_1_144' title='bbox 181 2321 251 2383; x_wconf 90' lang='lat' dir='ltr'>Huc</span> <span class='ocrx_word' id='word_1_145' title='bbox 273 2320 406 2396; x_wconf 87' lang='lat' dir='ltr'>accedit,</span> <span class='ocrx_word' id='word_1_146' title='bbox 430 2321 509 2400; x_wconf 91' lang='lat' dir='ltr'>quod</span> <span class='ocrx_word' id='word_1_147' title='bbox 531 2337 568 2382; x_wconf 83' lang='lat' dir='ltr'>ex</span> <span class='ocrx_word' id='word_1_148' title='bbox 589 2319 749 2393; x_wconf 85' lang='lat' dir='ltr'>Juvenalis</span> <span class='ocrx_word' id='word_1_149' title='bbox 771 2321 928 2384; x_wconf 91' lang='lat' dir='ltr'>verborum</span> <span class='ocrx_word' id='word_1_150' title='bbox 953 2320 1231 2384; x_wconf 84' lang='lat' dir='ltr'>distribuendorum</span> 
     </span>
     <span class='ocr_line' id='line_1_20' title="bbox 181 2427 1232 2510; baseline 0.002 -21"><span class='ocrx_word' id='word_1_151' title='bbox 181 2427 308 2505; x_wconf 85' lang='lat' dir='ltr'>ratione,</span> <span class='ocrx_word' id='word_1_152' title='bbox 333 2428 404 2508; x_wconf 87' lang='lat' dir='ltr'>quia</span> <span class='ocrx_word' id='word_1_153' title='bbox 415 2427 474 2490; x_wconf 91' lang='lat' dir='ltr'>duo</span> <span class='ocrx_word' id='word_1_154' title='bbox 488 2427 638 2510; x_wconf 84' lang='lat' dir='ltr'>adjectiva</span> <span class='ocrx_word' id='word_1_155' title='bbox 656 2428 840 2510; x_wconf 82' lang='lat' dir='ltr'>praecedunt,</span> <span class='ocrx_word' id='word_1_156' title='bbox 864 2431 896 2490; x_wconf 94' lang='lat' dir='ltr'>et</span> <span class='ocrx_word' id='word_1_157' title='bbox 913 2427 1105 2490; x_wconf 88' lang='lat' dir='ltr'>substantiva</span> <span class='ocrx_word' id='word_1_158' title='bbox 1124 2429 1232 2491; x_wconf 90' lang='lat' dir='ltr'>eodem</span> 
     </span>
     <span class='ocr_line' id='line_1_21' title="bbox 181 2534 1231 2615; baseline 0.001 -18"><span class='ocrx_word' id='word_1_159' title='bbox 181 2534 283 2598; x_wconf 91' lang='lat' dir='ltr'>ordine</span> <span class='ocrx_word' id='word_1_160' title='bbox 301 2537 483 2615; x_wconf 85' lang='lat' dir='ltr'>sequuntur,</span> <span class='ocrx_word' id='word_1_161' title='bbox 506 2534 632 2614; x_wconf 81' lang='lat' dir='ltr'>longum</span> <span class='ocrx_word' id='word_1_162' title='bbox 655 2553 763 2597; x_wconf 87' lang='lat' dir='ltr'>aurum</span> <span class='ocrx_word' id='word_1_163' title='bbox 785 2535 816 2596; x_wconf 90' lang='lat' dir='ltr'>in</span> <span class='ocrx_word' id='word_1_164' title='bbox 829 2534 919 2597; x_wconf 89' lang='lat' dir='ltr'>nudis</span> <span class='ocrx_word' id='word_1_165' title='bbox 937 2534 1104 2598; x_wconf 87' lang='lat' dir='ltr'>cervicibus</span> <span class='ocrx_word' id='word_1_166' title='bbox 1126 2536 1231 2598; x_wconf 89' lang='lat' dir='ltr'>osten·</span> 
     </span>
     <span class='ocr_line' id='line_1_22' title="bbox 180 2639 1231 2722; baseline 0.001 -17"><span class='ocrx_word' id='word_1_167' title='bbox 180 2642 262 2705; x_wconf 91' lang='lat' dir='ltr'>ditur</span> <span class='ocrx_word' id='word_1_168' title='bbox 285 2642 346 2721; x_wconf 78' lang='grc' dir='ltr'>(ΙΙ,</span> <span class='ocrx_word' id='word_1_169' title='bbox 369 2645 404 2706; x_wconf 93' lang='grc'>41</span> <span class='ocrx_word' id='word_1_170' title='bbox 432 2640 574 2704; x_wconf 76' lang='lat' dir='ltr'>Hirsuta</span> <span class='ocrx_word' id='word_1_171' title='bbox 597 2641 729 2721; x_wconf 78' lang='lat' dir='ltr'>eperunt</span> <span class='ocrx_word' id='word_1_172' title='bbox 752 2640 963 2721; x_wconf 78' lang='lat' dir='ltr'>opobalsamo</span> <span class='ocrx_word' id='word_1_173' title='bbox 986 2639 1084 2722; x_wconf 79' lang='lat' dir='ltr'>eoll03</span> <span class='ocrx_word' id='word_1_174' title='bbox 1107 2641 1165 2717; x_wconf 80' lang='grc' dir='ltr'>ΙΙΙ,</span> <span class='ocrx_word' id='word_1_175' title='bbox 1190 2644 1231 2706; x_wconf 86' lang='grc'>68</span> 
     </span>
     <span class='ocr_line' id='line_1_23' title="bbox 184 2747 1230 2831; baseline -0.001 -18"><span class='ocrx_word' id='word_1_176' title='bbox 184 2748 384 2814; x_wconf 81' lang='lat' dir='ltr'>Geromute&#39;eo</span> <span class='ocrx_word' id='word_1_177' title='bbox 399 2747 471 2830; x_wconf 83' lang='lat' dir='ltr'>fert</span> <span class='ocrx_word' id='word_1_178' title='bbox 491 2748 648 2811; x_wconf 81' lang='lat' dir='ltr'>aieetereo</span> <span class='ocrx_word' id='word_1_179' title='bbox 671 2747 762 2831; x_wconf 84' lang='lat' dir='ltr'>collo,</span> <span class='ocrx_word' id='word_1_180' title='bbox 798 2748 883 2826; x_wconf 83' lang='lat' dir='ltr'>VlII,</span> <span class='ocrx_word' id='word_1_181' title='bbox 907 2753 970 2815; x_wconf 72' lang='lat'>208</span> <span class='ocrx_word' id='word_1_182' title='bbox 992 2747 1106 2830; x_wconf 72' lang='lat' dir='ltr'>Longo</span> <span class='ocrx_word' id='word_1_183' title='bbox 1123 2748 1230 2830; x_wconf 83' lang='lat' dir='ltr'>jacte-</span> 
     </span>
     <span class='ocr_line' id='line_1_24' title="bbox 181 2847 1230 2938; baseline -0.001 -19"><span class='ocrx_word' id='word_1_184' title='bbox 181 2860 236 2919; x_wconf 81' lang='lat' dir='ltr'>tur</span> <span class='ocrx_word' id='word_1_185' title='bbox 258 2857 353 2936; x_wconf 77' lang='lat' dir='ltr'>spiro</span> <span class='ocrx_word' id='word_1_186' title='bbox 373 2853 509 2938; x_wconf 77' lang='lat' dir='ltr'>putero),</span> <span class='ocrx_word' id='word_1_187' title='bbox 533 2873 599 2934; x_wconf 80' lang='lat' dir='ltr'>qua·</span> <span class='ocrx_word' id='word_1_188' title='bbox 622 2856 704 2920; x_wconf 92' lang='lat' dir='ltr'>notio</span> <span class='ocrx_word' id='word_1_189' title='bbox 727 2856 886 2936; x_wconf 81' lang='lat' dir='ltr'>aptissima</span> <span class='ocrx_word' id='word_1_190' title='bbox 909 2858 965 2927; x_wconf 78' lang='lat' dir='ltr'>est,</span> <span class='ocrx_word' id='word_1_191' title='bbox 989 2858 1029 2932; x_wconf 84' lang='lat' dir='ltr'>et,</span> <span class='ocrx_word' id='word_1_192' title='bbox 1052 2855 1078 2919; x_wconf 90' lang='lat' dir='ltr'>si</span> <span class='ocrx_word' id='word_1_193' title='bbox 1101 2847 1155 2938; x_wconf 91' lang='lat' dir='ltr'>pro</span> <span class='ocrx_word' id='word_1_194' title='bbox 1168 2875 1230 2918; x_wconf 81' lang='lat' dir='ltr'>aa·</span> 
     </span>
     <span class='ocr_line' id='line_1_25' title="bbox 180 2962 1231 3044; baseline 0 -18"><span class='ocrx_word' id='word_1_195' title='bbox 180 2984 254 3026; x_wconf 82' lang='lat' dir='ltr'>rare</span> <span class='ocrx_word' id='word_1_196' title='bbox 277 2962 474 3027; x_wconf 87' lang='lat' dir='ltr'>substituitur</span> <span class='ocrx_word' id='word_1_197' title='bbox 496 2982 633 3042; x_wconf 72' lang='lat' dir='ltr'>orreum,</span> <span class='ocrx_word' id='word_1_198' title='bbox 659 2982 752 3044; x_wconf 91' lang='lat' dir='ltr'>quum</span> <span class='ocrx_word' id='word_1_199' title='bbox 775 2982 876 3026; x_wconf 90' lang='lat' dir='ltr'>armus</span> <span class='ocrx_word' id='word_1_200' title='bbox 899 2964 929 3025; x_wconf 92' lang='lat' dir='ltr'>in</span> <span class='ocrx_word' id='word_1_201' title='bbox 951 2963 1040 3026; x_wconf 92' lang='lat' dir='ltr'>nudis</span> <span class='ocrx_word' id='word_1_202' title='bbox 1063 2963 1231 3027; x_wconf 88' lang='lat' dir='ltr'>cervicibus</span> 
     </span>
     <span class='ocr_line' id='line_1_26' title="bbox 180 3069 1231 3152; baseline -0.001 -17"><span class='ocrx_word' id='word_1_203' title='bbox 180 3070 301 3135; x_wconf 87' lang='lat' dir='ltr'>ostendi</span> <span class='ocrx_word' id='word_1_204' title='bbox 323 3069 383 3133; x_wconf 91' lang='lat' dir='ltr'>diei</span> <span class='ocrx_word' id='word_1_205' title='bbox 405 3087 464 3133; x_wconf 94' lang='lat' dir='ltr'>non</span> <span class='ocrx_word' id='word_1_206' title='bbox 476 3069 581 3150; x_wconf 84' lang='lat' dir='ltr'>possit,</span> <span class='ocrx_word' id='word_1_207' title='bbox 605 3069 772 3133; x_wconf 86' lang='lat' dir='ltr'>ablativum</span> <span class='ocrx_word' id='word_1_208' title='bbox 794 3069 884 3132; x_wconf 85' lang='lat' dir='ltr'>verbo</span> <span class='ocrx_word' id='word_1_209' title='bbox 905 3069 1083 3151; x_wconf 89' lang='lat' dir='ltr'>ostendendi</span> <span class='ocrx_word' id='word_1_210' title='bbox 1105 3071 1231 3152; x_wconf 87' lang='lat' dir='ltr'>adjunc-</span> 
     </span>
    </p>
   </div>
   <div class='ocr_carea' id='block_1_5' title="bbox 89 3175 1229 3257">
    <p class='ocr_par' dir='ltr' id='par_1_5' title="bbox 89 3175 1229 3257">
     <span class='ocr_line' id='line_1_27' title="bbox 89 3175 1229 3257; baseline 0.001 -16"><span class='ocrx_word' id='word_1_211' title='bbox 89 3220 95 3230; x_wconf 80' lang='lat'><em>-</em></span> <span class='ocrx_word' id='word_1_212' title='bbox 179 3182 245 3241; x_wconf 90' lang='lat' dir='ltr'>tum</span> <span class='ocrx_word' id='word_1_213' title='bbox 276 3195 396 3240; x_wconf 88' lang='lat' dir='ltr'>armum</span> <span class='ocrx_word' id='word_1_214' title='bbox 429 3194 465 3238; x_wconf 86' lang='lat' dir='ltr'>ex</span> <span class='ocrx_word' id='word_1_215' title='bbox 498 3175 663 3239; x_wconf 88' lang='lat' dir='ltr'>cervicibus</span> <span class='ocrx_word' id='word_1_216' title='bbox 696 3178 864 3240; x_wconf 82' lang='lat' dir='ltr'>exstantem</span> <span class='ocrx_word' id='word_1_217' title='bbox 905 3176 1075 3257; x_wconf 88' lang='lat' dir='ltr'>significare</span> <span class='ocrx_word' id='word_1_218' title='bbox 1105 3196 1229 3242; x_wconf 88' lang='lat' dir='ltr'>necesse</span> 
     </span>
    </p>
   </div>
   <div class='ocr_carea' id='block_1_6' title="bbox 179 3282 1228 3582">
    <p class='ocr_par' dir='ltr' id='par_1_6' title="bbox 179 3282 1228 3582">
     <span class='ocr_line' id='line_1_28' title="bbox 179 3282 697 3366; baseline -0.006 -18"><span class='ocrx_word' id='word_1_219' title='bbox 179 3288 235 3360; x_wconf 82' lang='lat' dir='ltr'>est,</span> <span class='ocrx_word' id='word_1_220' title='bbox 259 3285 337 3366; x_wconf 91' lang='lat' dir='ltr'>quod</span> <span class='ocrx_word' id='word_1_221' title='bbox 359 3283 464 3346; x_wconf 90' lang='lat' dir='ltr'>durius</span> <span class='ocrx_word' id='word_1_222' title='bbox 486 3282 545 3345; x_wconf 90' lang='lat' dir='ltr'>diei</span> <span class='ocrx_word' id='word_1_223' title='bbox 566 3282 697 3346; x_wconf 90' lang='lat' dir='ltr'>videtur.</span> 
     </span>
     <span class='ocr_line' id='line_1_29' title="bbox 265 3389 1228 3470; baseline 0.004 -16"><span class='ocrx_word' id='word_1_224' title='bbox 265 3392 303 3454; x_wconf 93' lang='lat' dir='ltr'>In</span> <span class='ocrx_word' id='word_1_225' title='bbox 332 3392 427 3454; x_wconf 88' lang='lat' dir='ltr'>satira</span> <span class='ocrx_word' id='word_1_226' title='bbox 454 3390 498 3453; x_wconf 88' lang='lat' dir='ltr'>XI</span> <span class='ocrx_word' id='word_1_227' title='bbox 527 3392 616 3470; x_wconf 91' lang='lat' dir='ltr'>poeta</span> <span class='ocrx_word' id='word_1_228' title='bbox 644 3389 789 3452; x_wconf 86' lang='lat' dir='ltr'>miseram</span> <span class='ocrx_word' id='word_1_229' title='bbox 819 3390 1011 3454; x_wconf 89' lang='lat' dir='ltr'>decoctorum</span> <span class='ocrx_word' id='word_1_230' title='bbox 1040 3395 1228 3458; x_wconf 88' lang='lat' dir='ltr'>senectutem</span> 
     </span>
     <span class='ocr_line' id='line_1_30' title="bbox 179 3495 849 3582; baseline -0.012 -18"><span class='ocrx_word' id='word_1_231' title='bbox 179 3517 329 3582; x_wconf 84' lang='lat' dir='ltr'>exponens</span> <span class='ocrx_word' id='word_1_232' title='bbox 352 3515 371 3560; x_wconf 90' lang='lat' dir='ltr'>a</span> <span class='ocrx_word' id='word_1_233' title='bbox 392 3517 420 3560; x_wconf 95' lang='lat' dir='ltr'>v.</span> <span class='ocrx_word' id='word_1_234' title='bbox 444 3500 485 3563; x_wconf 87' lang='lat'>38</span> <span class='ocrx_word' id='word_1_235' title='bbox 506 3496 563 3559; x_wconf 91' lang='lat' dir='ltr'>hos</span> <span class='ocrx_word' id='word_1_236' title='bbox 586 3514 693 3559; x_wconf 91' lang='lat' dir='ltr'>versus</span> <span class='ocrx_word' id='word_1_237' title='bbox 714 3495 849 3578; x_wconf 88' lang='lat' dir='ltr'>scripsit:</span> 
     </span>
    </p>
   </div>
   <div class='ocr_carea' id='block_1_7' title="bbox 262 3709 1200 4223">
    <p class='ocr_par' dir='ltr' id='par_1_7' title="bbox 262 3709 1200 4223">
     <span class='ocr_line' id='line_1_31' title="bbox 472 3709 1074 3794; baseline 0 -22"><span class='ocrx_word' id='word_1_238' title='bbox 472 3709 554 3789; x_wconf 73' lang='lat' dir='ltr'>Ques</span> <span class='ocrx_word' id='word_1_239' title='bbox 576 3709 662 3773; x_wconf 76' lang='lat' dir='ltr'>enim</span> <span class='ocrx_word' id='word_1_240' title='bbox 685 3713 715 3772; x_wconf 82' lang='lat' dir='ltr'>te</span> <span class='ocrx_word' id='word_1_241' title='bbox 737 3709 902 3794; x_wconf 79' lang='lat' dir='ltr'>desteeerete.</span> <span class='ocrx_word' id='word_1_242' title='bbox 920 3729 1074 3774; x_wconf 78' lang='lat' dir='ltr'>crumena</span> 
     </span>
     <span class='ocr_line' id='line_1_32' title="bbox 263 3797 1108 3898; baseline -0.002 -16"><span class='ocrx_word' id='word_1_243' title='bbox 263 3818 309 3882; x_wconf 85' lang='lat' dir='ltr'>Et</span> <span class='ocrx_word' id='word_1_244' title='bbox 331 3821 489 3882; x_wconf 79' lang='lat' dir='ltr'>crescente</span> <span class='ocrx_word' id='word_1_245' title='bbox 509 3797 591 3898; x_wconf 69' lang='lat' dir='ltr'>pulo</span> <span class='ocrx_word' id='word_1_246' title='bbox 613 3819 722 3879; x_wconf 82' lang='lat' dir='ltr'>monet</span> <span class='ocrx_word' id='word_1_247' title='bbox 744 3817 863 3891; x_wconf 67' lang='lat' dir='ltr'>metue,</span> <span class='ocrx_word' id='word_1_248' title='bbox 887 3835 949 3880; x_wconf 77' lang='lat' dir='ltr'>cere</span> <span class='ocrx_word' id='word_1_249' title='bbox 965 3821 1108 3897; x_wconf 80' lang='lat' dir='ltr'>paterno</span> 
     </span>
     <span class='ocr_line' id='line_1_33' title="bbox 262 3923 1057 4006; baseline -0.001 -17"><span class='ocrx_word' id='word_1_250' title='bbox 262 3926 312 3990; x_wconf 88' lang='lat' dir='ltr'>Ac</span> <span class='ocrx_word' id='word_1_251' title='bbox 334 3925 431 3990; x_wconf 80' lang='lat' dir='ltr'>rebus</span> <span class='ocrx_word' id='word_1_252' title='bbox 452 3925 569 3988; x_wconf 81' lang='lat' dir='ltr'>merses</span> <span class='ocrx_word' id='word_1_253' title='bbox 591 3924 790 3988; x_wconf 76' lang='lat' dir='ltr'>inventrem</span> <span class='ocrx_word' id='word_1_254' title='bbox 804 3923 935 4006; x_wconf 70' lang='lat' dir='ltr'>ferroris</span> <span class='ocrx_word' id='word_1_255' title='bbox 958 3928 1057 4005; x_wconf 81' lang='lat' dir='ltr'>atquc</span> 
     </span>
     <span class='ocr_line' id='line_1_34' title="bbox 263 4028 1200 4116; baseline -0.002 -20"><span class='ocrx_word' id='word_1_256' title='bbox 263 4033 405 4114; x_wconf 68' lang='lat' dir='ltr'>Aegeate</span> <span class='ocrx_word' id='word_1_257' title='bbox 426 4033 540 4113; x_wconf 76' lang='lat' dir='ltr'>proces</span> <span class='ocrx_word' id='word_1_258' title='bbox 563 4034 593 4094; x_wconf 83' lang='lat' dir='ltr'>et</span> <span class='ocrx_word' id='word_1_259' title='bbox 612 4051 765 4114; x_wconf 81' lang='lat' dir='ltr'>pecorum</span> <span class='ocrx_word' id='word_1_260' title='bbox 784 4028 1005 4113; x_wconf 56' lang='lat' dir='ltr'>‘aprorumque</span> <span class='ocrx_word' id='word_1_261' title='bbox 1027 4030 1200 4116; x_wconf 75' lang='lat' dir='ltr'>capacem?</span> 
     </span>
     <span class='ocr_line' id='line_1_35' title="bbox 266 4138 1155 4223; baseline -0.003 -18"><span class='ocrx_word' id='word_1_262' title='bbox 266 4139 402 4205; x_wconf 74' lang='lat' dir='ltr'>Talibus</span> <span class='ocrx_word' id='word_1_263' title='bbox 425 4159 446 4202; x_wconf 85' lang='lat' dir='ltr'>a</span> <span class='ocrx_word' id='word_1_264' title='bbox 469 4138 611 4202; x_wconf 78' lang='lat' dir='ltr'>dominis</span> <span class='ocrx_word' id='word_1_265' title='bbox 630 4143 706 4223; x_wconf 82' lang='lat' dir='ltr'>post</span> <span class='ocrx_word' id='word_1_266' title='bbox 728 4143 844 4203; x_wconf 82' lang='lat' dir='ltr'>canoto</span> <span class='ocrx_word' id='word_1_267' title='bbox 866 4139 1066 4203; x_wconf 69' lang='lat' dir='ltr'>novissemus</span> <span class='ocrx_word' id='word_1_268' title='bbox 1088 4141 1155 4204; x_wconf 78' lang='lat' dir='ltr'>erret</span> 
     </span>
    </p>
   </div>
   <div class='ocr_carea' id='block_1_8' title="bbox 0 0 1352 4582">
    <p class='ocr_par' dir='ltr' id='par_1_8' title="bbox 0 0 1352 4582">
     <span class='ocr_line' id='line_1_36' title="bbox 0 0 1352 4582; baseline 0 0"><span class='ocrx_word' id='word_1_269' title='bbox 0 0 1352 4582; x_wconf 95' lang='lat' dir='ltr'> </span> 
     </span>
    </p>
   </div>
  </div>
 </body>
</html>
