2694 4582
152 299 212 362 124
584 299 627 349 De
647 297 751 364 ellipsi.

143 507 210 564 ¹uon
233 501 330 564 solum
356 501 407 564 ubi
430 500 628 582 imperativus
650 501 720 582 poni
744 503 838 577 solet,
878 500 1063 582 conjunctivi
1091 518 1201 563 secun·

152 608 222 669 dam
245 609 404 689 praeseutis
427 609 573 690 temporis
596 626 757 689 personam
780 627 859 690 saepe
883 607 1059 672 substituit:
1095 607 1136 680 II,
1160 609 1202 672 70

152 713 218 778 Seu
239 714 355 778 Julius
377 716 479 792 ardel,
504 720 614 779 oestuo,
670 715 791 778 Nudus
825 736 917 795 epus,
950 716 1059 778 uu'uus
1082 717 1130 776 erl
1152 714 1201 775 lu

151 824 252 886 scula
274 824 402 903 lurpu's;
425 824 478 899 IX,
496 827 552 888 114
575 822 661 885 Illos
684 843 758 904 erpo
781 843 884 904 rupee,
908 821 1068 903 quidquid
1082 819 1201 901 puullo

152 934 229 994 cute
254 931 389 1010 petebas
422 930 454 992 A
476 931 578 998 uelle,
610 935 739 994 tuoecul
767 930 820 993 llll
854 935 926 1012 (qno
957 931 1020 993 loco
1050 929 1202 991 Herman-

153 1057 210 1100 uus
244 1056 362 1119 quoque
384 1038 497 1116 uotu's;
531 1039 646 1119 posuit,
681 1040 731 1100 sed
766 1044 835 1119 post
857 1038 951 1100 uobis
981 1038 1131 1100 commate
1153 1036 1202 1098 in-

153 1147 396 1227 terpungendum
419 1148 481 1220 est,
516 1163 596 1211 uum.
621 1148 655 1208 ut
677 1146 787 1225 saepius
810 1147 888 1226 apud
912 1145 1103 1219 luveualern,
1134 1145 1204 1223 post

153 1253 282 1333 rogandi
307 1253 432 1315 verbum
456 1257 493 1314 ut
516 1253 662 1315 omissum
688 1254 762 1331 est).
798 1252 850 1314 sed
874 1252 925 1314 ubi
949 1254 1007 1315 duo
1028 1249 1203 1331 imperativi

154 1359 325 1439 copulative
343 1361 433 1440 Jungi
457 1361 562 1430 solent,
589 1379 642 1442 pru
659 1360 754 1423 altero
777 1361 902 1435 eandem
927 1357 1111 1440 conjunctivi
1135 1376 1203 1438 per-

155 1485 260 1528 sonam
284 1467 387 1529 crebro
409 1467 509 1547 punit:
532 1467 613 1541 XIV,
628 1471 691 1532 200
712 1467 820 1530 Du'ruc
843 1471 901 1528 cul
917 1485 1029 1546 parce,
1052 1465 1122 1541 ΧΠ,
1143 1467 1200 1529 131

21 1629 22 1632 ,
51 1655 53 1657 ¹
156 1572 268 1637 Pouus
292 1577 351 1636 11.
377 1623 383 1635 .
409 1627 416 1640 .
439 1575 566 1636 suruu‘to.
615 1573 770 1655 Scriptura
793 1594 885 1638 cures
910 1579 940 1637 el
963 1574 1114 1647 restitute,
1138 1590 1203 1633 om·

155 1680 206 1743 uia
229 1683 311 1743 recta
333 1685 438 1752 erunt;
466 1683 555 1760 poeto
578 1682 641 1763 ipse
663 1682 813 1762 loquiturt
841 1683 934 1745 »tutia
956 1700 974 1743 a
993 1685 1023 1744 te
1045 1677 1203 1760 postulant

155 1791 186 1850 11
208 1805 285 1850 anno
307 1787 393 1850 linito
416 1806 522 1850 ornum
545 1790 647 1861 tuum,
682 1791 816 1862 tantum,
851 1797 997 1868 quantum
1020 1786 1150 1868 populus
1172 1786 1203 1848 in

155 1894 234 1958 circo
257 1895 308 1956 uni
333 1893 437 1956 victuri
462 1895 614 1957 interdum
638 1895 780 1975 postulat,
803 1895 859 1958 tibi
879 1896 995 1971 datur«
1021 1894 1129 1958 sedin
1152 1910 1204 1955 ve-

156 2001 308 2080 hementi·
329 2003 420 2081 etque
444 2001 610 2064 accelerate
638 2003 770 2064 oratione
801 2001 980 2082 imperativo
1011 2002 1120 2080 accipe
1152 2000 1203 2080 qni

156 2108 256 2171 dantis
280 2112 335 2182 est,
360 2127 412 2188 pro
436 2108 618 2188 simpliciore
642 2107 739 2171 formu
761 2109 868 2171 utitur.
923 2109 1088 2189 Rupertius
1112 2126 1205 2170 cures

156 2218 188 2278 11
220 2215 359 2277 intentu
389 2215 506 2295 posuit,
542 2216 594 2277 sed
624 2217 816 2295 scripturum,
851 2234 943 2296 quam
965 2215 1120 2296 amplexus
1149 2217 1205 2287 est,

156 2340 239 2384 more
273 2340 327 2384 suo
357 2341 481 2402 pravom
498 2321 640 2403 judicans
679 2323 803 2385 verbum
834 2323 944 2402 luquu't
977 2323 1115 2403 spurium
1137 2339 1205 2384 esse

156 2433 254 2511 putot.
299 2429 494 2492 Hermannns
518 2448 598 2490 curu
619 2429 677 2492 secl
699 2430 813 2492 scribit.

241 2537 276 2599 In
300 2537 394 2600 satira
416 2541 508 2608 sexto,
532 2536 584 2598 ubi
607 2540 696 2617 poeto
717 2539 897 2600 Postumum
923 2555 940 2599 a
964 2537 1078 2619 nuptiis
1101 2537 1204 2599 deter-

156 2662 221 2706 rere
246 2648 380 2723 conutur7
406 2663 422 2705 u
445 2663 471 2706 v.
497 2648 537 2706 53
560 2644 592 2705 hi
616 2662 720 2707 versus
743 2646 903 2726 leguntur:

246 2795 362 2860 »Uuus
384 2795 554 2858 Hlberluoe
576 2797 628 2858 vlu
648 2797 799 2880 sufficit«
850 2795 949 2860 Ocius
970 2796 1057 2859 illud

242 2902 469 2983 Eulorquells
492 2906 529 2964 ul
551 2902 616 2966 lucc
639 2903 729 2966 oculo
754 2907 905 2967 couleutu
927 2905 972 2966 su'l
993 2925 1069 2967 uuo.

246 3010 394 3090 »Mupuu
418 3014 526 3073 lumem
540 3009 639 3091 ‘sumu
662 3014 709 3073 est
731 3011 901 3074 culuscluru
923 3032 1002 3075 rure
1017 3015 1159 3091 paterno

249 3116 399 3180 Vlueutr's.
447 3117 567 3180 »lslucl
593 3117 718 3190 Gallio,
741 3123 778 3180 ul
799 3120 884 3181 uu'ru'l
906 3121 942 3181 r'u
965 3139 1054 3200 apro,

250 3223 345 3287 Vluut
368 3224 515 3288 Flrlcuu'u
560 3223 606 3286 Er
628 3224 742 3305 apelle.
767 3226 850 3300 uuo,
868 3235 1031 3306 puteruo:

246 3332 326 3412 Quls
351 3336 458 3394 lumeu
482 3330 637 3413 uffu'rurut
661 3332 711 3394 uu'l
733 3337 841 3395 cetrum
863 3335 900 3397 lu
922 3333 1156 3397 moulllusuut
1175 3333 1205 3395 'u

244 3438 442 3520 Speluncis?
464 3439 553 3502 Adeo
576 3444 754 3503 seuueruul
775 3440 931 3520 luppiter
954 3445 984 3504 11
1005 3440 1134 3503 Maus?

157 3611 208 3675 Sic
232 3610 427 3699 Heinriehius
450 3609 606 3691 dialogum
632 3611 775 3673 inducens
798 3630 903 3674 versus
926 3611 1072 3676 distinxit.
1112 3611 1198 3673 idem

159 3718 341 3799 Rupertium
364 3721 486 3780 secutus
507 3719 576 3798 post
587 3717 726 3780 Fidenis
747 3721 867 3798 puncto,
892 3735 961 3794 non,
984 3720 1019 3781 ut
1041 3722 1110 3780 unte
1133 3718 1204 3780 ede·

227 4010 368 4077 scriptura
387 4011 492 4077 saepius
512 4011 635 4075 aberrat,
664 4017 692 4063 11
716 4010 831 4063 collatio
853 4011 993 4078 Crameri‚
1021 4027 1103 4077 quam
1128 4012 1204 4065 filius

226 4095 300 4162 patri
321 4094 393 4147 dono
414 4095 507 4147 datam
527 4109 590 4148 esse
611 4095 718 4156 scribit,
736 4095 824 4148 minus
844 4103 977 4148 accurata
1002 4110 1066 4150 esse
1085 4097 1204 4150 videtur.

228 4179 275 4232 Sic
297 4180 396 4246 optimi
416 4179 522 4232 codicis
544 4178 693 4246 scripturae
713 4180 772 4231 sere
791 4195 848 4231 non
866 4188 1124 4234 commemorantur.
