2694 4582
437 285 480 338 De
498 284 645 352 particulis
666 285 844 352 copulatiris.
1096 307 1100 314 ·
1119 289 1160 352 63

113 490 261 555 darticula
282 491 438 573 geminata
459 493 540 567 91-91,
560 489 611 554 ubi
628 491 687 554 duo
705 489 895 554 substantiva
912 489 959 553 vol
982 491 1160 571 pronomina

109 597 293 682 junguntur,
318 599 416 682 priore
439 598 503 662 loco
526 618 585 681 que
607 617 688 680 saepe
710 598 841 680 ponitur.
870 615 937 661 raro
965 602 1069 662 tamen
1091 599 1157 662 duae

113 773 762 779 -—-—---—.--——-—-----——-—-—--
768 772 1122 780 --——-———--..—-
1128 773 1150 780 .-

182 871 258 923 tione
278 871 419 938 exposuit,
441 869 535 935 etqui
554 885 644 936 neque
666 886 726 922 cum
745 870 854 922 Horatii
875 884 965 935 neque
986 886 1046 921 cum
1066 869 1158 922 Ovidii

183 955 272 1022 magis
292 970 374 1022 quam
394 970 455 1007 cum
473 953 618 1007 luvenalis
637 954 771 1020 loquendi
798 971 850 1007 usu
878 953 1015 1021 congruit,
1042 954 1157 1021 probari

183 1048 258 1094 certe
277 1041 384 1106 nequit,
404 1047 433 1094 91
450 1039 496 1091 vix
514 1039 639 1092 adducor
657 1047 688 1092 ut
708 1039 829 1104 credam,
853 1030 1018 1104 quemquam
1043 1045 1156 1106 poetam

181 1125 209 1178 in
227 1126 377 1194 particulis
398 1123 582 1193 conjunctivis
601 1124 740 1191 ponendis
760 1123 866 1190 regulis
886 1123 946 1176 fixis
966 1124 1055 1190 magis
1076 1139 1156 1189 quam

183 1211 312 1264 metricis
322 1209 480 1263 rationibus
491 1217 528 1274 et,
548 1215 680 1274 quantum
700 1209 799 1274 linguae
818 1208 897 1275 leges
916 1208 1041 1273 siverint,
1062 1208 1155 1261 studio

180 1311 231 1350 suo
243 1296 465 1362 obtemperasse.
493 1294 553 1347 Hoc
573 1301 650 1346 certe
669 1293 767 1360 negari
786 1309 840 1345 non
860 1298 963 1359 potest,
982 1299 1156 1360 poetaspar·

182 1381 277 1434 riculae
289 1379 428 1433 interdum
439 1378 609 1445 singularem
629 1377 862 1444 significationem
882 1375 1023 1442 subjicere
1044 1385 1072 1428 et
1092 1392 1155 1429 con-

181 1466 255 1519 sulto
273 1465 355 1518 banc
382 1480 437 1517 non
464 1464 540 1516 illam
567 1477 683 1530 ponere,
703 1477 797 1515 verum
816 1467 845 1515 in
863 1461 927 1528 ipsa
944 1459 1086 1526 particula
1106 1460 1156 1512 illa

181 1549 351 1617 significatio
369 1564 432 1602 raro
452 1549 534 1608 inest,
562 1548 653 1601 oratio
678 1554 772 1600 autem
796 1548 821 1598 ei
847 1561 907 1598 eam
934 1545 1070 1598 attribuit.
1108 1545 1154 1598 Sic

179 1635 220 1688 W.
239 1634 387 1702 particulae
414 1644 485 1699 atque
510 1634 563 1685 vim
585 1634 613 1684 in
639 1633 787 1685 contrariis
807 1632 972 1698 copulandis
993 1631 1068 1682 cerni
1089 1647 1155 1684 con·

179 1717 279 1785 tendit,
311 1727 339 1772 et
367 1719 449 1772 affert
467 1718 639 1786 exemplum:
667 1718 754 1768 Noctes
772 1727 841 1782 atque
858 1718 908 1767 elies'
926 1719 1008 1778 (Aen.
1028 1717 1073 1781 VI,
1094 1718 1155 1783 127)

180 1805 229 1858 sed
257 1804 305 1863 lx,
324 1806 375 1860 188
398 1803 487 1855 Noctes
513 1803 608 1868 diesque
635 1803 769 1869 scriptum
798 1809 857 1867 est3
884 1801 958 1855 idem
986 1802 1153 1868 particulam

179 1889 279 1943 crebro
298 1889 365 1957 poni
385 1889 464 1952 dicit,
483 1888 530 1940 ubi
550 1887 658 1954 aliquid
678 1888 810 1941 celeriter
827 1887 887 1939 11911
908 1887 1055 1951 indicetur,
1075 1893 1106 1938 ut
1124 1887 1152 1939 in

177 1977 248 2027 Aen.
259 1975 307 2027 lib.
325 1975 338 2027 I
357 1977 423 2030 v‚82
441 1970 539 2039 Impulit
557 1975 581 2022 ia
600 1973 670 2038 latus,
689 1991 719 2022 ac
735 1975 822 2025 venti..
837 1973 891 2030 Qua
910 1973 970 2022 dcta
985 1982 1058 2036 porto
1076 1982 1155 2032 ruunt,

179 2058 644 2127 9111111911199991191111119111911199
669 2060 710 2108 vix
736 2057 864 2124 copulam
884 2057 1022 2109 interdum
1042 2055 1153 2123 subjici,

178 2153 211 2197 ut
227 2145 254 2196 ill
274 2145 344 2198 Aeli.
363 2143 398 2208 II,
417 2145 468 2199 692
493 2144 539 2193 Vix
557 2144 669 2206 ecfatus
688 2154 739 2192 erat
757 2145 843 2208 senior,
861 2145 979 2206 subitoque
989 2145 1094 2208 froqore
1113 2142 1153 2192 Irt-

119 2219 126 2230 ’
179 2231 262 2297 renue,
292 2229 342 2282 sed
369 2235 455 2296 poeta
478 2227 626 2295 particulae
645 2227 750 2280 nullam
770 2227 926 2280 celeritatis
945 2230 1087 2279 notionem
1107 2227 1153 2279 ad-

178 2314 268 2382 fingit,
296 2328 357 2379 quae
386 2316 415 2366 in
438 2315 478 2362 vix
501 2320 529 2364 et
548 2301 750 2366 sententiarum
765 2313 899 2380 junctura
917 2313 988 2364 latet
1008 2311 1153 2378 (Virgilius

176 2399 264 2452 multo
282 2399 386 2465 saepius
404 2415 472 2463 quum
493 2413 574 2463 quam
591 2398 719 2464 copulam
730 2398 828 2464 ponit),
847 2412 937 2463 neque
956 2397 1002 2450 hic
1022 2397 1154 2462 loquendi

177 2500 246 2537 ustis
275 2499 308 2536 ex
336 2483 430 2550 priore
459 2490 536 2536 ortus
564 2487 616 2547 991,
644 2489 673 2532 91
696 2481 719 2533 91
743 2489 828 2548 poeta
850 2498 900 2548 pro
919 2481 1060 2548 particula
1078 2501 1107 2532 uc
1126 2483 1154 2534 111

176 2569 271 2636 priore
300 2567 428 2634 exemplo
455 2567 600 2634 posuisset
627 2566 792 2632 asyndeton,
814 2566 911 2618 cadem
931 2567 1072 2633 --major
1096 2570 1151 2619 ior-

178 2661 306 2707 tasse-
326 2652 484 2704 celeritatis
504 2651 581 2703 notio
601 2651 712 2703 fuisset.
754 2649 890 2717 Virgilius
917 2669 946 2700 ae
972 2651 1060 2718 ponit,
1088 2651 1152 2716 quia

178 2739 231 2790 hac
250 2737 391 2805 particula
417 2736 595 2801 sententiam,
624 2750 685 2800 quae
714 2736 843 2788 effectum
861 2736 983 2788 actionis
1003 2735 1151 2788 sententiae

173 2818 340 2891 praegressae
362 2821 499 2888 exprimit,
519 2820 672 2887 adjungere
685 2821 766 2878 solet,
786 2830 814 2871 et
833 2821 873 2873 919
885 2810 1029 2872 1919119119
1041 2835 1152 2885 quoque

176 2908 204 2960 in
224 2907 371 2960 sat.XIIv.
387 2910 420 2960 55
440 2906 523 2959 dixit:
542 2906 660 2956 Adversis
677 2907 812 2972 serpentibus
830 2906 885 2955 illuc
895 2907 1002 2972 Decidit,
1022 2916 1046 2954 ut
1064 2906 1151 2956 malum

171 2996 244 3059 ferro
261 2993 420 3057 summitteret,
448 3010 477 3042 oc
495 2998 520 3041 se
537 2992 654 3056 Explicat
676 3001 802 3057 anqustum
826 2991 875 3043 cfr.
896 2989 939 3054 Vl,
963 2992 1013 3046 423
1041 2991 1151 3042 Callidus

173 3087 194 3128 91
212 3077 292 3126 criatoe
309 3076 395 3142 diqitos
413 3078 532 3142 impressit
553 3076 641 3141 aliptes
660 3080 697 3126 Ac
718 3093 828 3126 summum
852 3076 950 3125 (1911111111
965 3075 1147 3140 191111119πεὶ9-

174 3180 240 3213 mare
256 3164 354 3228 coepit„
370 3160 442 3228 Quia
460 3172 481 3212 et
500 3161 599 3214 deinde
620 3160 790 3226 indignantis
810 3161 855 3226 911,
875 3161 947 3213 idem
967 3160 1009 3213 W.
1029 3160 1055 3212 111
1075 3164 1145 3214 Aen,

169 3247 303 3312 ΧΙΙ,645;
328 3247 408 3312 Terqa
417 3247 494 3296 dabo?
509 3256 531 3296 91
545 3246 648 3296 Turnum
658 3247 791 3312 sapientem
801 3246 849 3295 lroec
860 3256 926 3297 terra
944 3246 1049 3296 videbit?
1075 3251 1148 3312 part.

171 3341 193 3382 et
203 3336 312 3394 (contra
323 3331 448 3397 codices)
459 3330 613 3384 desiderari
624 3346 710 3398 posse
721 3337 815 3396 negat,
836 3331 885 3383 sed
904 3347 968 3383 num
987 3330 1065 3396 prior
1085 3345 1146 3383 serr·

171 3416 259 3469 tentia
280 3416 371 3469 miuus
389 3416 559 3483 indignantis
578 3417 642 3468 est?
668 3417 702 3466 Et
720 3415 850 3481 denique,
869 3431 902 3467 ne
922 3415 1004 3481 plura
1023 3416 1148 3483 afferam,

171 3500 312 3567 adjectum
330 3501 358 3552 in
378 3500 501 3554 sollicito
521 3507 595 3552 metu
616 3501 698 3553 dicit:
724 3502 785 3553 Aen
815 3500 1148 3565 commaerentem

170 3595 228 3636 tenet
303 3596 325 3635 91
342 3603 432 3651 vereor,
450 3602 494 3650 quo
512 3586 651 3636 seJunoniu
668 3585 894 3651 vertuntHospitrb‚
916 3584 966 3638 sed
985 3593 1072 3652 poeta
1091 3586 1145 3637 hac

170 3671 234 3737 ipsa
252 3669 455 3736 significatione
483 3688 513 3720 ac
539 3685 645 3736 ponere
676 3670 758 3722 solet.
793 3670 938 3722 Particula
965 3681 987 3720 et
1017 3678 1092 3722 certe
1118 3678 1147 3722 et

168 3754 340 3822 indignantis
360 3760 388 3807 et
406 3755 536 3808 minantis
556 3763 584 3807 et
610 3754 737 3807 mirantis
766 3761 818 3821 cst,
847 3755 896 3807 sed
916 3754 998 3808 modo
1018 3755 1052 3808 iis
1072 3755 1144 3808 locis

169 3841 231 3893 haec
249 3839 418 3906 significatio
437 3844 464 3892 in
483 3841 624 3908 particula
641 3840 724 3906 inest,
744 3840 845 3905 quibus
856 3846 905 3891 aut
922 3855 1020 3893 novam
1034 3848 1146 3893 senten-

170 3925 238 3978 tiam
266 3939 283 3977 a
308 3924 483 3992 praecedenti
506 3926 645 3979 seclusam
672 3925 779 3993 incipit,
806 3939 896 3990 neque
926 3924 985 3976 ulla
1014 3926 1075 3978 eius
1094 3941 1145 3991 po-

169 4009 267 4064 nendae
287 4024 388 4063 caussa
406 4009 433 4062 in
453 4010 654 4063 sententiarum
670 4011 803 4076 junctura
821 4011 904 4076 inest,
924 4010 1017 4062 autin
1038 4024 1146 4063 caesura

135 4137 137 4142 .
169 4095 213 4148 vel
231 4095 311 4150 initio
330 4110 428 4148 versus
447 4094 541 4162 posita
559 4095 694 4161 singulari
712 4095 738 4147 vi
761 4097 878 4148 effertur
905 4093 956 4147 cfr.
977 4094 1054 4159 Virg.
1075 4096 1145 4146 Aen.

168 4179 191 4247 Ι,
218 4182 262 4249 18,
280 4180 328 4248 Vl,
347 4181 406 4236 807.
442 4179 488 4233 Sic
516 4180 602 4232 etiam
627 4179 771 4235 luvenalis
800 4194 860 4232 eam
887 4181 981 4247 ponit:
1009 4181 1031 4247 I,
1050 4182 1083 4235 87
1111 4180 1145 4229 Et
