2694 4582
187 262 246 324 196
534 257 576 308 De
597 255 750 309 mutatione
769 256 886 308 numeri.

189 463 325 542 exempla
348 461 463 542 prolata
488 463 573 533 sunt,
597 464 689 544 poeta
711 477 815 523 omues
839 461 1042 541 complectens
1064 461 1121 523 hoc
1143 459 1232 524 dicit:

143 573 146 579 '
189 568 390 632 Criminibus
413 568 526 631 deberit
548 567 667 645 hortor,
684 568 861 647 pretoria,
884 587 1029 643 mensae,
1058 554 1089 630 et
1111 567 1235 632 omnino

185 677 243 739 hoc
276 677 363 738 modo
393 674 584 757 singularum
618 693 719 737 rerum
749 676 1068 738 commemorationem
1090 674 1233 755 colligere

184 785 276 845 amat.
325 783 389 844 Uno
412 782 478 845 loco
499 786 588 862 poeta
616 799 679 843 rom
713 781 895 865 apertiorem
928 781 1043 857 reddit3
1076 783 1107 844 in
1131 782 1233 844 satirae

185 890 264 952 enim
280 889 344 953 XII
368 909 393 951 v.
418 892 488 962 223,
514 891 670 968 postquam
695 906 714 951 a
735 909 762 952 v.
777 892 838 953 209
862 888 1000 951 scelerati
1023 888 1155 952 hominis
1178 907 1233 950 an-

119 1036 122 1042 ·
183 1016 289 1079 goram
312 996 406 1059 animi
429 995 573 1078 depinxit,
597 996 662 1057 haec
684 995 857 1076 subjungit:
880 995 930 1058 Hi
944 1000 1031 1073 scut,
1055 997 1111 1075 qui
1134 996 1233 1075 trepi-

185 1097 386 1167 doctrici
412 1104 522 1164 oracio
544 1100 688 1184 sulpura
703 1101 847 1181 polleat,
882 1103 934 1183 qui
967 1104 1051 1166 locus
1085 1103 1235 1184 originem

184 1211 275 1273 huius
297 1210 445 1272 transitus
469 1209 544 1272 satis
572 1213 677 1293 aperte
699 1209 808 1290 prodit.
852 1210 1011 1294 Imprimis
1035 1210 1128 1274 satira
1150 1213 1238 1274 sexta

186 1317 285 1379 multa
308 1317 446 1398 exempla
479 1316 609 1399 praebet,
643 1334 712 1378 nam
747 1316 778 1378 iu
802 1317 858 1378 hac
891 1319 979 1396 poeta
1008 1318 1120 1397 crebro,
1143 1317 1235 1379 ubia

185 1425 259 1487 vitio
271 1423 409 1496 alicuius,
433 1441 522 1503 quem
547 1424 661 1486 certius
683 1405 829 1499 definivit,
852 1423 890 1484 ad
914 1441 1025 1487 novum
1049 1424 1156 1486 vitium
1181 1424 1235 1487 de·

186 1530 378 1594 scribendum
400 1529 520 1604 transit,
538 1529 603 1610 jam
628 1530 775 1610 singulari
794 1529 861 1611 jam
883 1529 994 1609 plurali
1018 1548 1144 1593 numero
1169 1549 1235 1594 ver-

189 1638 263 1700 bum
302 1637 404 1708 effert,
446 1640 536 1716 prout
570 1635 775 1700 substantiva:
815 1636 943 1713 femina,
987 1636 1123 1713 feminae,
1163 1655 1237 1700 uxor

188 1744 361 1806 audiuntur.
412 1742 454 1806 lis
482 1762 549 1823 quaa
579 1744 666 1823 posui
690 1743 835 1823 exenrplis
857 1723 953 1807 unum
976 1746 1094 1806 tantum
1117 1743 1236 1807 addam.

188 1853 291 1923 Poeta,
325 1851 486 1930 postquam
516 1868 534 1912 a
562 1869 590 1912 v.
613 1851 690 1914 366:
724 1849 811 1912 Sunt
843 1868 926 1930 quos
960 1849 1098 1914 ecaucbi
1129 1849 1238 1913 imbel-

187 1957 232 2022 les
255 2005 263 2020 .
286 2006 291 2015 .
321 2006 326 2018 .
351 1955 513 2019 delectant
535 1955 691 2018 libidinem
715 1956 878 2018 mulierum
890 1957 1076 2041 perstrinxit,
1102 1958 1145 2020 sic
1168 1974 1187 2019 a
1208 1977 1237 2021 v.

185 2067 248 2131 379
274 2065 441 2149 orationem
465 2063 649 2125 continuatz.
662 2061 701 2128 Si
714 2062 835 2143 paucist
859 2068 967 2140 couti,
990 2062 1116 2126 nuliius
1129 2063 1238 2148 fibula

188 2171 296 2234 durat.
355 2170 413 2233 His
436 2172 525 2249 atque
555 2168 706 2232 similibus
729 2170 804 2233 locis
829 2170 963 2254 exceptis
985 2171 1068 2234 verbi
1094 2189 1237 2235 numerus

192 2296 251 2342 non
285 2281 398 2340 temere
431 2277 584 2350 mutatur,
620 2279 652 2338 et
683 2277 716 2338 in
738 2277 830 2339 satira
853 2280 951 2354 senta,
975 2277 1027 2340 ubi
1048 2281 1138 2358 poeta
1160 2280 1237 2340 Am-

189 2385 311 2469 phionis
336 2384 454 2446 luctum
476 2381 648 2445 describens
670 2382 736 2445 haec
758 2383 833 2446 dicit
856 2385 888 2464 (a
909 2402 935 2445 v.
965 2387 1052 2457 lim:

275 2535 389 2607 Parce,
406 2554 533 2615 precor,
558 2534 669 2605 Ρααα,
692 2537 722 2596 ct
744 2536 780 2596 tu
802 2533 923 2613 depone
944 2536 1096 2615 supittos,
1128 2504 1137 2522 ὑ

275 2642 336 2705 Nil
352 2645 452 2722 pueri
466 2641 610 2724 facium,
633 2642 741 2720 ipsum
763 2641 910 2724 confipite
931 2645 1077 2716 matrem,

278 2749 443 2829 Amphion
467 2747 595 2824 clamat,
618 2746 676 2811 seit
697 2746 800 2812 Paeuii
823 2747 987 2810 contrabit
1008 2768 1130 2811 ααοααα

194 2919 283 2982 multi
307 2919 505 2999 interpretes,
539 2917 619 2979 inter
652 2935 727 2998 quos
749 2916 880 2980 Jahnius
903 2923 934 2978 et
957 2917 1168 2990 Hermaunus,
1201 2918 1239 2982 ob

190 3025 338 3108 pluralem
362 3025 455 3101 verbi,
479 3022 569 3105 quod'
582 3028 628 3087 cst
650 3024 806 3107 eoufipite,
829 3041 989 3086 numerum
1012 3043 1047 3086 ex
1067 3025 1241 3107 conjectura

192 3116 334 3209 Graevii,
355 3131 426 3213 quia
448 3131 595 3211 confipite
617 3131 676 3192 duo
699 3129 836 3222 numina,
859 3129 1034 3211 Apollinem
1056 3133 1147 3211 atque
1170 3131 1240 3194 Dia·

192 3258 271 3307 nam,
292 3240 519 3319 complectatur,
539 3237 693 3316 deoperte
704 3255 758 3320 pro
772 3235 892 3316 depone
903 3237 951 3300 vix
958 3237 1027 3320 jure
1040 3237 1241 3300 substituunt.

193 3345 407 3408 Pulcherrima
430 3349 477 3408 est
499 3344 673 3426 conjectura
695 3341 824 3413 Graevii,
847 3345 920 3414 sed,
945 3361 1038 3424 quum
1061 3345 1151 3423 poeta
1172 3343 1240 3407 sub·
1333 3358 1338 3368 '

191 3453 304 3534 jungat
326 3452 433 3516 verba:
457 3449 629 3514 secheuu
652 3449 816 3512 contrabit
837 3469 958 3525 orcum,
981 3450 1032 3512 ubi
1045 3451 1136 3513 Paean
1159 3450 1241 3514 solus

198 3558 310 3620 iterum
322 3561 585 3631 commemoratur,
609 3573 761 3637 quumque
773 3556 1042 3641 inprecationibus
1064 3557 1102 3618 ad
1125 3561 1241 3620 certum

197 3665 286 3727 deum
321 3665 474 3728 conversis
504 3663 600 3727 oratio
623 3664 660 3725 ad
682 3663 784 3744 plures
802 3681 876 3753 ‚non
909 3681 976 3726 raro
1009 3662 1141 3743 pertinet
1173 3661 1240 3741 (cfr.

195 3771 278 3852 Virg.
302 3771 379 3832 Aen.
404 3771 463 3845 lX,
498 3774 560 3834 525
602 3769 679 3845 Vm,
714 3790 731 3832 o
766 3767 927 3849 Calliope,
954 3789 1074 3849 precor
1096 3770 1243 3849 aspirato

195 3878 336 3955 conecti)
365 3876 519 3962 pulchrior
552 3878 633 3938 certe
656 3895 746 3956 quam
775 3880 873 3939 varior
894 3876 1092 3939 existimanda
1115 3879 1178 3953 est,
1212 3879 1243 3939 ct

193 4003 369 4066 pronomen,
392 3985 471 4065 quod
494 3985 541 4046 est
564 3986 609 4059 tu,
631 3983 664 4046 in
686 3983 782 4045 altero
804 3981 939 4073 membro
962 3983 1066 4046 crebro
1089 4002 1123 4046 en
1145 3982 1241 4046 abun-

195 4092 279 4155 danti
301 4092 423 4154 additur
446 4091 499 4153 ci.
524 4090 564 4172 V,
604 4093 642 4154 12
665 4089 778 4152 Primo
792 4089 860 4172 fipe
882 4088 965 4166 ioco,
1000 4110 1099 4171 quum
1121 4094 1156 4153 tu
1179 4089 1243 4153 die-
