2694 4582
514 283 557 334 De
579 282 734 334 mutatione
753 282 838 335 modi.
1131 288 1193 351 213

138 485 214 556 ΧΠ,
255 487 313 550 125
348 487 456 565 Atque
488 485 599 549 ornnr'a
627 484 692 547 son'
719 484 854 549 Forsan
883 485 1027 553 Pacuvio
1057 488 1194 551 breviter

139 592 243 668 darn,
274 591 363 660 XIV,
395 590 458 654 296
479 588 604 671 Infelin
627 592 685 658 nac
699 592 851 675 forsitan
872 595 948 675 ipsa
970 595 1073 658 Nocte
1094 594 1204 666 eaden·

140 718 198 782 quo
222 699 287 763 1000
309 695 400 761 multi
422 696 540 761 codices
563 699 676 763 habent
698 700 802 773 cadet,
826 720 894 782 quae
917 702 1075 784 scriptura,
1099 722 1194 783 quum

139 809 205 871 haen
232 805 383 888 particula
412 805 492 885 apud
514 806 698 870 Juvenalem
719 808 768 870 his
796 808 871 871 loeis
895 809 1027 891 exeeptis
1050 810 1194 892 conjunc·

140 914 239 978 tivum
264 913 390 976 modum
412 912 523 993 ubique
546 914 683 988 asciscat,
707 914 842 996 praeferri
858 935 915 980 non
929 917 1028 980 debet.
1073 916 1194 979 Priores

139 1025 241 1086 autem
266 1025 365 1102 poetae
387 1019 583 1084 indientivum
608 1020 635 1084 ei
657 1021 771 1102 passim
794 1023 910 1086 addunt
931 1025 984 1087 cfr.
1011 1023 1092 1104 Virg.
1116 1023 1191 1086 Aen.

139 1128 191 1202 IV,
217 1132 255 1194 19
279 1128 368 1194 Hnr'c
389 1129 450 1191 nnr'
463 1127 587 1210 forsan
602 1129 701 1207 potui
723 1130 925 1195 succumbere
948 1129 1049 1210 enlpce
1059 1133 1092 1208 ¹).

172 1385 193 1449 ¹)
212 1385 293 1450 Quod
308 1384 432 1437 insatira
440 1383 548 1435 decima
556 1386 591 1447 (v.
602 1386 674 1448 lew:
685 1386 775 1434 Antoni
781 1386 878 1450 yladins
884 1387 963 1450 potnit
972 1395 1119 1446 contemnere,
1129 1386 1193 1435 sisic

151 1495 156 1503 «
213 1468 298 1519 Omnia
315 1470 424 1535 dixisset,
449 1469 606 1534 perfectum
625 1475 735 1535 tempus
755 1469 782 1520 in
803 1470 944 1521 sententia
959 1469 1095 1537 primaria
1113 1469 1189 1535 posi·

209 1559 267 1606 tum
287 1561 346 1619 est,
376 1569 432 1604 non
451 1559 508 1605 tam
527 1552 643 1605 insolita
663 1559 707 1605 est
725 1552 828 1617 forma,
856 1561 886 1604 ut
911 1553 1115 1606 dubitationem
1135 1553 1192 1604 exi-

210 1644 270 1690 tere
291 1637 430 1703 debuerit,
453 1652 516 1689 nam
527 1637 555 1689 in
574 1652 660 1703 prosa
679 1651 790 1703 quoque
811 1636 935 1689 oratione
955 1637 1101 1690 invenitur.
1138 1637 1194 1689 Lo·

210 1711 317 1787 quends
341 1727 435 1773 autem
463 1722 575 1786 formae,
605 1736 667 1786 quae
693 1728 770 1773 sunt:
800 1720 877 1773 Ovid.
896 1722 963 1774 Met.
984 1722 1011 1786 Ι,
1035 1722 1086 1776 679
1103 1721 1154 1772 Nee
1171 1724 1196 1771 si

210 1806 344 1856 rescindere
367 1824 462 1870 poenes,
490 1823 550 1855 nnnc
567 1807 669 1871 adera33
697 1805 774 1871 Virg'.
796 1807 866 1857 Aen.
887 1805 927 1869 II,
954 1810 986 1860 55
1005 1805 1037 1856 Si
1058 1824 1122 1855 mene
1147 1825 1193 1856 non

209 1891 373 1955 laevasninet,
392 1891 533 1955 Impulerat,
554 1904 672 1955 quaeque
691 1889 796 1957 passim
816 1891 890 1955 apud
909 1901 1012 1956 poetas
1032 1896 1195 1954 occurrunt,

210 1973 285 2040 apud
304 1973 468 2027 Juvenalem
487 1990 541 2026 non
561 1975 748 2026 inveniuntur.
