2694 4582
526 269 570 320 lle
593 269 674 320 nictri
694 270 812 322 ratione.
1154 272 1192 336 13

143 472 267 555 longam
291 473 400 554 posuit.
445 473 482 536 In
505 473 583 537 thesi
611 473 715 536 hiatus
737 491 886 554 nusquam
907 473 1069 545 invenitor,
1088 474 1139 536 sed
1162 473 1193 535 id

143 581 247 653 hiatus
268 600 374 663 genus,
398 581 477 662 quod
500 582 578 661 apud
600 579 780 645 Juvenalem
804 584 910 657 exsut,
944 600 980 644 ea
1015 581 1051 644 de
1086 597 1194 644 caussa

144 689 277 752 notabile
311 690 366 758 est,
402 688 617 769 quodpriores
648 691 754 768 poetae,
788 709 825 752 ne
848 690 960 752 eaedenr
985 687 1102 753 normes
1128 688 1193 770 (ex-

145 799 232 878 cepto
255 798 325 859 ante
349 795 381 878 d)
404 796 437 858 in
460 796 546 859 hiatu
569 799 757 872 concurrant,
788 814 893 860 cavere
916 796 1065 869 videntur,
1098 796 1193 861 lure·
1288 792 1290 796 '

144 904 223 966 nalis
248 907 352 967 autem
373 904 403 967 in
428 906 492 967 tam
513 904 616 985 paucis
639 903 783 985 exemplis
799 908 905 984 quater
921 921 993 978 a-a,
1018 904 1114 967 semel
1130 921 1194 967 o-o

146 1012 256 1093 posuit.
301 1011 337 1074 In
360 1011 468 1074 ultimo
492 1015 549 1074 sat.
563 1012 608 1075 IX
622 1033 647 1074 r.
664 1016 722 1078 118
745 1013 820 1094 pede
833 1011 1028 1075 Hermannns
1050 1030 1103 1093 pro
1126 1015 1195 1074 tuuc

145 1118 197 1182 bia
220 1119 325 1182 scribit
348 1122 416 1181 tuuc
437 1118 487 1182 uel
509 1122 540 1182 et
568 1139 689 1182 versum
723 1122 901 1200 sequentem
934 1119 1112 1201 transponit,
1146 1118 1195 1182 cui

144 1227 202 1290 loci
225 1225 429 1290 emendationi
457 1226 516 1289 ulio
543 1227 634 1290 huius
662 1227 877 1308 disputationis
903 1227 970 1290 loco
1002 1225 1194 1308 repugnab03

144 1334 195 1398 hic
216 1335 304 1397 modo
327 1334 366 1397 ad
389 1334 522 1396 sinrilern
545 1335 671 1410 hiatum,
695 1336 746 1416 qui
769 1335 848 1416 apud
861 1333 1016 1398 Tibullum
1030 1333 1194 1409 invenitur,

145 1442 315 1506 attendam:
352 1443 375 1521 l,
388 1445 417 1518 5,
429 1445 470 1506 34
500 1440 612 1505 Virum
635 1442 719 1505 tuuc
743 1446 825 1522 (ante
848 1442 886 1516 lu3
922 1443 1067 1505 Horatius
1100 1441 1192 1504 etiarn

147 1552 219 1612 ante
241 1551 375 1614 rocalerrr
399 1550 454 1613 tali
477 1549 575 1613 hiatui
585 1551 737 1633 indulget:
761 1561 817 1614 sat.
830 1551 871 1624 ll,
886 1554 915 1626 2,
928 1551 968 1616 28
983 1549 1074 1611 Nuru
1086 1549 1194 1627 adeat·

147 1657 242 1739 Epist.
266 1658 308 1738 Π,
324 1662 349 1732 l,
362 1661 403 1723 46
425 1657 509 1721 Iteru
531 1678 640 1737 uuuuu,
666 1659 812 1741 Virgilius
835 1658 882 1721 vir
906 1657 1057 1740 usquam).

230 1765 267 1828 In
290 1765 391 1829 satirae
415 1766 541 1829 decima
565 1766 665 1831 tertiae
688 1786 715 1830 v.
740 1769 819 1832 209:
859 1766 949 1828 Naue
976 1763 1081 1828 scelus
1103 1765 1196 1828 iutra

147 1891 181 1936 se
203 1874 337 1936 tucidum
360 1875 415 1956 qui
437 1875 558 1954 copitut
580 1873 684 1936 ulduno
705 1892 769 1947 vor,
794 1893 861 1955 quae
881 1879 928 1936 est
939 1874 1040 1948 iutra,
1064 1873 1195 1936 alterum

146 2000 251 2044 vorsus
269 1982 378 2062 pedem
391 1981 511 2063 implet,
536 1983 588 2045 sed
612 2000 761 2063 nusquam
773 1975 932 2045 luvenalis
945 1980 1074 2044 alterurn
1087 1982 1194 2062 pedem

146 2107 218 2152 voce
252 2088 404 2170 dactylica
438 2108 536 2173 neque
569 2089 687 2153 ultimis
715 2089 797 2152 vocis
829 2089 859 2151 in
882 2087 1036 2169 dactylum
1060 2088 1196 2152 exeuntis

149 2195 275 2278 syllabis
298 2189 444 2260 contineri
466 2215 574 2278 passus
598 2202 653 2278 cst,
687 2196 736 2259 oui
766 2197 879 2277 regulae
912 2196 1035 2278 priores,
1070 2196 1197 2260 Horatio

151 2307 282 2385 excepto,
305 2304 349 2372 ita
372 2304 596 2386 obtemperasse
618 2305 767 2388 ridentur,
790 2307 826 2367 ut
848 2305 935 2368 modo
953 2303 1056 2386 paucis
1072 2304 1147 2368 loeis
1159 2304 1197 2368 ab

152 2429 188 2474 oa
220 2412 416 2475 discederent.
466 2413 635 2489 luvenalis,
670 2413 720 2494 qui
755 2413 842 2476 modo
863 2411 1120 2492 ¹praepositionem
1153 2413 1197 2477 sic

151 2519 261 2600 posuit,
285 2519 352 2600 quia
376 2537 430 2582 ror
454 2537 497 2593 ea,
533 2539 600 2601 quae
630 2539 647 2582 a
676 2519 886 2601 praepositione
909 2520 1029 2600 pendet,
1064 2519 1196 2600 proxime

152 2627 355 2708 subsequitur,
378 2626 450 2689 huic
473 2627 648 2691 enormitati
671 2627 834 2690 indulsisse
857 2627 983 2701 videtur,
1013 2618 1198 2708 quamquam

153 2735 308 2810 Horatius,
331 2735 383 2815 qui
406 2737 522 2798 ceteras
546 2735 667 2806 formas,
702 2753 720 2796 a
743 2734 852 2815 quibus
874 2733 1033 2798 luvenalis
1056 2733 1198 2811 abstinet,

153 2844 262 2924 saepius
285 2843 371 2924 ponit
394 2843 466 2923 (sat.
479 2843 503 2915 l,
517 2847 545 2924 3,
559 2847 600 2907 46
624 2841 662 2905 a·
685 2842 737 2905 cui
751 2840 856 2926 filiun
879 2842 903 2916 I,
913 2845 942 2917 3,
955 2845 997 2906 50
1011 2839 1057 2903 Et
1068 2841 1199 2922 jactuu—
1327 2882 1330 2888 -

154 2954 228 3029 tior,
258 2952 282 3026 I,
295 2953 324 3026 9,
337 2953 378 3016 75
399 2949 631 3025 Adversarius
660 2951 685 3027 Ι,
699 2953 728 3027 3,
742 2953 782 3015 76
804 2947 953 3032 Deua'que
975 2953 1150 3032 quateuuS,
1173 2950 1199 3026 I,

153 3063 182 3136 9,
197 3063 235 3125 67
264 3058 356 3122 Certo
377 3059 509 3141 ucecia),
532 3058 564 3121 in
586 3058 661 3139 pede
691 3058 786 3121 altero
817 3058 984 3139 spondeum
1006 3057 1096 3121 unius
1118 3058 1199 3121 vocis

154 3170 216 3232 fere
240 3167 374 3230 evitavit.
408 3167 445 3229 In
468 3167 569 3230 satirae
592 3166 699 3246 primae
716 3186 743 3229 v.
758 3170 818 3231 112
834 3164 1100 3248 Quandoquidem
1113 3166 1200 3229 iuter

154 3275 326 3359 praepositio
343 3275 429 3337 iuter
447 3274 539 3337 simili
563 3275 651 3348 modo
673 3273 773 3354 posita
795 3276 851 3350 est,
874 3275 925 3336 scd
950 3273 1121 3354 exemplum
1142 3275 1200 3338 hac

154 3404 186 3448 re
209 3403 227 3447 a
249 3383 401 3464 superiore
432 3383 541 3458 differt,
575 3382 656 3462 quod
689 3383 758 3444 ante
793 3379 1036 3462 praepositionem
1067 3381 1199 3444 eliditur.

154 3490 203 3556 Sic
226 3491 307 3554 enim
329 3490 479 3571 spondeus
502 3489 581 3571 apud
603 3489 716 3570 priores
732 3488 886 3550 interdum
904 3488 1021 3569 positus
1038 3489 1200 3552 invenitur.

153 3597 312 3664 Juvenalis
346 3601 449 3660 autem
482 3597 579 3661 multo
612 3596 723 3678 saepius
752 3614 844 3676 quam
871 3594 919 3658 illi
941 3613 1012 3660 voce
1036 3595 1201 3677 dissyllaba

156 3706 310 3788 dactylum
333 3706 457 3771 secundi
480 3704 564 3786 pedis
587 3704 728 3767 claudere
752 3703 879 3767 videtur.

240 3813 279 3876 ln
300 3815 380 3876 thesi
404 3814 493 3895 primi
516 3830 620 3875 versus
643 3810 728 3892 pedis
740 3811 897 3879 luvenalis
919 3810 1043 3892 longam
1067 3809 1201 3874 vocalem

156 3927 264 4004 quater
286 3921 390 3984 elidit:
430 3921 509 3996 I,73
531 3918 626 3982 Audc
659 3917 794 4000 aliquid,
830 3919 936 3992 rato
970 3916 1090 3981 Paucae
1112 3912 1200 3988 adeo,

156 4030 309 4104 villana
339 4027 427 4089 Auri
460 4031 563 4109 utque,
597 4026 728 4096 ulvae
750 4025 776 4088 I
777 4025 814 4089 lu·
847 4025 964 4098 codem,
999 4024 1032 4088 in
1053 4024 1149 4087 altera
1171 4025 1202 4084 et

154 4137 246 4200 tertia
269 4137 346 4198 thesi
371 4135 480 4198 semels
498 4135 608 4200 X.333
622 4133 814 4198 Messalina
827 4133 939 4211 acutia,
961 4133 999 4208 X,
1008 4134 1071 4199 284
1083 4128 1201 4193 Multa
1221 4177 1224 4184 ,

549 4340 571 4375 ἱ
