2694 4582
214 286 278 349 220
499 284 543 337 De
565 282 728 335 notionibus
747 283 962 336 transferendis.

214 487 251 548 ad
273 487 404 550 colorem
427 488 587 560 translata,
622 505 755 549 crassus
779 489 810 550 et
832 485 938 548 durus
962 487 1026 561 (lX,
1050 488 1105 569 29)
1128 489 1263 561 vocatur,

152 654 154 659 .
213 593 406 675 adjectivum,
431 595 509 677 quod
531 601 579 658 est
601 598 728 668 tantur,
753 594 942 658 substantivo
963 594 1099 674 sanquis
1120 593 1264 675 adjungi-

212 704 262 764 tur
284 701 337 765 cfr.
362 703 510 764 amicitia
532 723 655 784 mogun
677 701 726 784 (V,
753 702 825 781 14);
849 705 880 764 et
903 701 994 764 verba
1015 700 1172 770 nonnulla,
1194 719 1264 782 quae

212 799 248 870 de
278 810 369 873 cartis
403 810 573 873 actionibus
607 810 666 873 dici
700 810 814 882 solent,
848 809 880 872 in
914 808 982 872 aliis
1005 807 1174 871 actionibus
1209 825 1264 887 par

211 915 376 997 imaginem
411 917 616 1002 exprimendis
648 920 817 999 ponuntur,
851 921 886 980 ut
920 916 1042 979 verbum
1077 913 1263 995 oedificundi

211 1023 247 1085 de
259 1041 347 1086 coma
359 1025 565 1104 componenda
580 1026 701 1105 ponitur
713 1025 776 1099 (ΙΙΙ,
800 1027 884 1108 503),
913 1023 1037 1087 verbum
1049 1022 1202 1105 pugnandi
1225 1023 1262 1084 de

210 1149 363 1194 sermone:
401 1131 544 1194 Curcum
566 1151 712 1195 sermone
734 1135 842 1196 rotato
872 1130 1035 1211 Torqueat
1061 1129 1263 1210 enthymema

210 1237 274 1309 (Vi,
297 1239 373 1314 499)
402 1238 455 1301 cfr.
483 1237 604 1302 Orator
625 1241 789 1302 mucimus
817 1243 848 1302 et
863 1236 1035 1319 jaculator
1065 1237 1148 1318 (VII,
1175 1238 1262 1320 193),

210 1344 335 1407 verbum
375 1346 505 1409 siccandi
547 1367 616 1410 oum
659 1346 831 1431 accusativo
877 1349 909 1409 et
950 1363 1092 1409 vasorum
1130 1349 1161 1409 et
1204 1363 1261 1425 po·

209 1451 317 1514 tionis:
363 1451 509 1516 Siccubis
532 1453 665 1517 calicem
699 1454 746 1527 (V,
769 1456 825 1534 47)
858 1453 987 1518 Siccuto
1009 1456 1139 1517 nectare
1160 1451 1261 1531 (XIII,

209 1562 273 1634 44).
318 1559 399 1622 Huic
420 1562 606 1642 metaphora
630 1562 731 1642 generi
762 1580 795 1623 ea
825 1562 960 1642 proxime
978 1560 1127 1642 subjungi
1149 1560 1261 1639 potest,

209 1665 288 1746 quod
323 1685 376 1747 pro
398 1667 520 1731 notione
544 1669 743 1742 substantivi,
778 1688 845 1750 quae
879 1668 1073 1750 exprimenda
1101 1668 1163 1738 est,
1199 1665 1262 1730 alia

208 1772 291 1835 notio
314 1775 525 1849 substituitur,
550 1794 616 1856 quae
639 1777 676 1839 ad
699 1777 825 1840 eandem
848 1794 913 1839 rem
935 1793 988 1856 per
1010 1775 1155 1838 audacem
1178 1791 1260 1855 saepe

208 1878 373 1961 imaginem
385 1884 659 1964 repraesentandam
673 1886 744 1964 apta
757 1887 812 1961 est,
832 1885 868 1946 ut
883 1880 1017 1946 Oestruo
1029 1881 1093 1956 (IV,
1119 1882 1191 1956 123)
1203 1897 1261 1964 pro

208 1990 308 2053 furore
330 1988 451 2064 dicitur,
474 1991 582 2052 urtica
604 2008 657 2071 pro
680 1990 805 2053 libidine
819 1989 876 2071 (ΙΙ,
903 1993 976 2066 128)
998 1989 1046 2051 val
1068 1987 1260 2050 irritamento

207 2095 344 2159 libidinis
366 2098 431 2178 (Xl,
459 2100 545 2176 168),
575 2096 741 2161 Venusino
764 2097 898 2161 lucerne
921 2098 963 2176 (Ι,
987 2095 1043 2180 51)
1072 2113 1125 2176 pro
1152 2093 1259 2171 satira,

206 2203 417 2283 supercilium
441 2204 490 2284 (ΙΙ,
514 2206 568 2287 62)
591 2224 646 2290 pro
669 2206 761 2283 fastu,
784 2225 854 2268 uun
876 2203 999 2267 lacerta
1012 2203 1083 2286 (ΙΙΙ,
1106 2202 1182 2285 230)
1204 2219 1260 2283 pro

207 2328 300 2395 parvo
334 2311 442 2393 agello.
508 2312 592 2374 Inter
624 2309 856 2377 translationum
894 2329 1007 2394 genera
1040 2311 1133 2373 etiam
1163 2313 1258 2373 notus

205 2416 258 2480 ille
292 2422 447 2499 poetarum
483 2439 557 2483 usus
590 2421 781 2501 recipiendus
814 2422 875 2496 est,
910 2408 1003 2500 quod¹
1021 2435 1076 2499 pro
1097 2415 1257 2490 adverbiis,

206 2524 315 2605 quibus
350 2529 470 2607 ternpus
504 2527 627 2608 aliquod
651 2528 808 2593 definitur.
843 2527 890 2608 adj
913 2526 994 2590 ctiva
1026 2525 1189 2606 ponantur,
1226 2527 1258 2587 et

205 2632 288 2695 notio
321 2632 466 2714 temporis
499 2653 568 2697 curn
602 2634 738 2707 subiecto
770 2635 818 2697 vel
846 2654 914 2697 cum
944 2634 1025 2708 loco,
1058 2630 1112 2695 ubi
1144 2630 1257 2711 agitur,

205 2740 303 2804 rarius
315 2759 384 2804 oum
407 2740 535 2823 objecto,
555 2742 759 2824 conjungitur,
783 2759 862 2816 nam,
886 2757 1069 2821 quamquam
1093 2737 1176 2802 notio
1198 2738 1256 2801 ad·

205 2846 299 2909 verbii
332 2852 469 2912 remanet
502 2854 533 2912 et
565 2850 645 2912 iuter
676 2849 840 2932 legendum
873 2846 1058 2927 concipitur,
1092 2845 1255 2909 translatio

204 2954 343 3034 quaedam
372 2955 481 3018 oritur:
525 2955 622 3019 Rara
648 2957 731 3038 jupo
764 2955 903 3019 victorio
931 2952 1020 3016 sedet
1053 2952 1154 3032 (Vlll,
1188 2955 1255 3029 63),

203 3058 318 3123 Rarus
339 3063 427 3124 uenit
448 3063 485 3125 in
507 3063 682 3128 coenacula
703 3063 795 3128 miles
817 3063 890 3141 (ΧΙ,
918 3067 984 3136 18),
1005 3058 1176 3122 Matutino
1203 3057 1256 3121 n·-

204 3167 272 3230 beri
294 3173 457 3250 merpetur
478 3171 548 3247 (VI,
580 3172 671 3251 593),
700 3170 814 3252 Lonpo
845 3173 1028 3234 castrorum
1058 3169 1093 3231 in
1123 3186 1253 3230 carone

203 3275 325 3337 mansit
347 3277 420 3359 (VI,
443 3283 534 3358 561),
569 3278 703 3343 Sumere
724 3282 901 3342 nocturnos
923 3277 1076 3340 meretrix
1098 3275 1255 3356 Aupustn

203 3382 354 3448 cucullos.
399 3385 471 3450 lam
494 3387 569 3464 haec,
593 3406 659 3468 quae
682 3387 995 3456 commemoravimus,
1017 3382 1252 3448 translationum

201 3506 313 3570 genera
336 3510 405 3554 eum
428 3493 488 3558 alio
520 3503 568 3568 lex
601 3494 661 3558 alio
690 3494 774 3558 fonte
802 3498 879 3568 orto)
909 3491 1118 3556 translationis
1139 3505 1252 3571 genera

197 3596 377 3678 junguntur.
401 3601 515 3681 quofit,
538 3605 574 3664 ut
591 3603 701 3683 partim
716 3601 1036 3674 notionesabstractae,
1060 3613 1251 3679 quaavocan·

201 3706 260 3771 tur,
284 3721 341 3767 nou
366 3707 463 3770 solum
487 3727 540 3788 pro
552 3710 700 3773 concretis
712 3716 863 3794 ponantur
885 3709 938 3772 sed
959 3705 1134 3771 humaniter
1155 3703 1250 3765 ctiam
1339 3740 1343 3746 -

202 3815 331 3892 agentes
347 3813 559 3897 depingantur,
583 3819 695 3897 partim
717 3817 800 3880 notio
822 3815 963 3897 primaria
985 3809 1163 3878 secundaria
1184 3809 1249 3893 fiat

201 3917 260 3980 Pro
283 3918 472 3984 substantivo
506 3923 679 3988 enimcum
709 3925 858 4006 adjectivo
885 3921 1067 3994 adharenti,
1101 3916 1251 4001 adjectivo
1339 3955 1342 3962 ·

199 4024 230 4087 in
254 4025 478 4091 substantivum
509 4032 724 4095 transformato
748 4036 780 4096 et
801 4031 992 4096 substantivo
1013 4027 1155 4111 genetivo
1177 4043 1252 4090 casu

199 4131 308 4212 posito,
331 4134 473 4216 adjectivi
495 4137 579 4200 notio
602 4138 782 4205 substantivi
813 4142 883 4206 loco
900 4141 1024 4221 ponitur
1046 4143 1078 4202 et
1099 4143 1154 4203 aut
1175 4133 1250 4198 sub-
