2694 4582
578 1209 626 1287 De
654 1207 807 1289 casibus.

253 1549 296 1662 In
320 1597 449 1679 singulis
479 1597 599 1661 casibus
626 1597 772 1679 ponendis
795 1597 954 1660 Iuvenalis
984 1596 1053 1661 aliis
1075 1599 1219 1680 loquendi

166 1706 286 1779 termis,
317 1724 383 1786 quae
406 1706 486 1786 apud
508 1705 623 1786 priores
645 1709 751 1786 poetas
775 1702 951 1784 frequentes
974 1709 1061 1784 sunt,
1097 1706 1219 1771 omuino

166 1813 299 1876 abstinet
336 1850 369 1858 -
407 1813 590 1878 accusativo
624 1812 682 1874 loci
718 1811 815 1874 verbis
840 1809 994 1884 veniendi,
1030 1811 1218 1889 deveniendi,
1287 1894 1289 1898 Α

166 1919 318 1982 similibus
351 1920 494 2000 adjuncto
527 1921 559 1981 et
591 1918 762 1981 accusativo
796 1917 945 1980 reflexivae
978 1918 1091 1998 passivi
1121 1919 1218 2000 signi-

155 2009 302 2089 ¹ficationi
318 2027 422 2089 addito
445 2027 492 2088 vel
516 2025 657 2106 adjectivi
683 2025 837 2088 notionem
861 2023 1015 2104 explente3
1040 2024 1149 2088 datico
1172 2027 1218 2090 lo·

167 2152 250 2208 cunr,
285 2152 343 2214 quo
374 2137 474 2196 nrotus
497 2133 608 2214 aliquis
630 2133 737 2205 tendit,
760 2132 914 2195 indicante
943 2132 991 2195 vel
1019 2133 1118 2196 verbis
1141 2153 1219 2215 pug-

166 2240 258 2302 nandi
284 2241 435 2322 adjuncto,
469 2241 614 2321 peaettoo
637 2240 794 2323 adjectivis
817 2243 908 2320 atque
931 2239 1113 2321 participiis,
1149 2259 1235 2322 quae·

166 2347 353 2410 vacationem
372 2347 416 2410 rei
428 2347 610 2428 significant,
632 2346 680 2410 vel
692 2346 859 2428 adjectivis,
873 2365 939 2427 quae
953 2349 1034 2421 sunt,
1058 2348 1092 2409 ut
1104 2365 1138 2409 ex
1152 2347 1217 2410 Ho-

166 2455 236 2517 ratii
260 2453 361 2518 satiris
385 2455 521 2536 exempla
544 2473 677 2527 sumam,
701 2453 867 2533 benignus,
891 2453 1016 2531 docilia,
1038 2453 1152 2527 lassus,
1176 2453 1218 2517 si-

166 2561 259 2637 milia,
282 2562 331 2625 vel
343 2562 442 2625 verbis
453 2561 612 2642 implendi,
625 2561 790 2634 desinendi,
804 2560 984 2639 abstinendi7
998 2559 1150 2645 invidendi
1163 2561 1217 2623 ad-

166 2669 228 2732 dito
253 2672 284 2732 et
306 2669 440 2750 genItivo
464 2669 646 2733 substantivi
679 2668 779 2732 neutri
810 2667 952 2748 adjectivi
985 2665 1145 2749 (singulari
1168 2667 1217 2730 vel

165 2775 282 2857 plurali-
297 2795 422 2840 nurnero
444 2776 548 2858 positi)
561 2775 666 2857 generi
683 2775 826 2856 adjuncto
854 2811 887 2818 -
914 2773 982 2836 aliis
1006 2793 1094 2855 parce
1118 2774 1217 2838 utitur

165 2919 208 2928 -
230 2883 290 2958 sic,
313 2887 348 2946 ut
371 2883 508 2964 exempla
530 2882 676 2946 nonnulla
698 2900 822 2962 ponam,
846 2882 1036 2945 accusativus
1058 2863 1217 2964 participio
1261 2933 1266 2941 .

165 2990 277 3071 passivi
300 3009 361 3065 uno
384 2993 504 3054 tantum
526 2991 593 3054 loeo
616 2989 750 3051 additur:
783 2988 877 3063 VIII,
904 2992 941 3054 16
964 2985 1111 3052 Attritus
1134 2987 1217 3052 lam·

167 3097 240 3160 bam
256 3099 395 3178 pumice,
419 3098 578 3178 genetivus
601 3097 645 3159 ita
667 3093 809 3176 adjectivi
825 3095 1012 3158 nominativo
1024 3095 1072 3158 vel
1094 3115 1217 3159 accusa·

138 3260 140 3265 4
166 3204 228 3268 tivo
251 3205 333 3269 casui
357 3205 527 3286 adjunctus,
551 3205 587 3265 ut
608 3202 692 3265 notio
715 3202 809 3281 partis
831 3221 893 3283 prae
916 3202 1037 3265 notione
1060 3202 1216 3284 qualitatis
1337 3263 1339 3267 .

165 3319 334 3388 evanescat,
357 3313 445 3376 modo
468 3310 600 3384 vocibus
624 3328 689 3391 quae
713 3313 783 3373 sunt
806 3308 905 3384 idern,
929 3309 1076 3387 ocultum,
1098 3310 1217 3374 ultima

165 3421 286 3482 addItur
297 3421 350 3482 cfr.
365 3420 413 3482 ΙΠ
426 3421 498 3494 285,
510 3419 562 3493 Vl,
586 3420 658 3492 217,
680 3418 716 3487 X,
742 3418 798 3490 ὑὸς
821 3417 982 3498 genetivus
995 3418 1217 3499 deniquerela·

164 3526 256 3588 tionis
284 3544 336 3606 pro
370 3525 503 3588 ablativo
538 3526 687 3606 adjectivo
719 3525 879 3607 adjunctus
907 3525 1004 3588 semel
1025 3527 1145 3588 tantum
1167 3526 1216 3588 in-

164 3633 299 3696 venitur:
332 3632 422 3709 XIV,
460 3635 520 3698 119
543 3631 588 3694 Et
615 3636 715 3713 pater
748 3652 823 3714 erpo
855 3633 958 3695 animi
984 3631 1094 3711 felices
1116 3632 1218 3699 credid

162 3758 300 3814 coerce,
338 3759 395 3820 quo
417 3739 483 3802 loco
506 3740 642 3803 nonnulli
667 3741 801 3814 codices,
824 3738 933 3820 quibus
957 3739 1084 3803 fortasse
1107 3758 1215 3821 paren-

157 3845 237 3908 dum
260 3848 315 3919 est,
339 3865 392 3927 pro
407 3845 523 3928 felices
546 3847 659 3910 habent
675 3846 798 3929 felicis)
821 3882 864 3891 —
887 3846 1098 3927 quamobrem,
1121 3865 1216 3927 quum

163 3955 253 4033 poeta
269 3954 384 4038 regulis
396 3954 544 4036 pedestris
557 3954 701 4018 orationis
719 3972 810 4035 prope
823 3952 1020 4034 obtemperat,
1046 3953 1095 4016 hie
1116 3953 1214 4029 modo,

163 4060 243 4135 intra
268 4079 342 4142 quos
365 4062 442 4126 lines
464 4062 501 4123 ab
524 4059 587 4124 illis
609 4060 754 4138 discedat,
776 4061 880 4143 paucis
903 4059 1096 4124 adumbrato.
