2694 4582
592 305 632 356 lle
653 303 761 371 ellipsi.

234 508 388 572 *lanatas
411 513 441 573 et
464 508 566 589 dipito
589 506 752 571 mendicat
776 505 882 569 Pollio
906 505 1003 571 ando.
1082 484 1086 492 ¹

232 617 309 678 Noa
325 616 523 695 praenotari
545 616 676 687 eineres
701 634 757 677 nee
771 613 880 696 sanas
903 614 1053 676 acerbam

232 722 400 798 Laminie,
423 722 481 786 sed
501 725 602 785 morte
623 722 730 801 inopis
752 721 924 784 metuenda
945 725 1100 785 senecias.

230 829 280 892 Hi
296 829 489 909 pleramque
510 827 677 927 predones.
742 809 746 816 ’

145 1041 182 1104 In
204 1043 321 1106 ultimis
344 1042 481 1105 versibus
505 1041 680 1104 enarrandis
702 1040 876 1125 Rupertius,
901 1059 990 1121 quem
1014 1041 1197 1106 recentiores

145 1149 458 1238 sequuntunneteris
482 1148 655 1212 scholiastae
668 1147 899 1236 explicationem
922 1165 998 1211 »non
1010 1148 1195 1230 praematuri,
1272 1222 1276 1230 1

143 1255 174 1317 id
196 1258 244 1318 est
266 1273 325 1318 nou
350 1256 449 1337 magis
471 1256 634 1319 metuenda
657 1273 738 1318 mors
765 1255 797 1323 in
816 1255 945 1336 Juventa
974 1254 1196 1319 luxuriantibus

143 1380 235 1442 quam
257 1367 418 1426 senectus«
445 1380 574 1442 sequeus
604 1361 782 1424 haecdicit:
821 1361 923 1425 »lllors
954 1366 1139 1446 praematura
1166 1367 1198 1426 et

141 1468 248 1532 acerba
270 1470 370 1532 minus
392 1469 556 1531 metuenda
587 1473 634 1530 est
656 1467 780 1530 luxuriae
809 1469 838 1532 lr.
863 1486 887 1531 e.
913 1468 1073 1531 luxuriosis
1095 1469 1196 1531 homi-

142 1575 245 1650 nibus,
274 1594 362 1656 quarn
387 1579 527 1638 senectus
565 1578 597 1636 et
619 1574 732 1637 morbis
765 1577 801 1637 et
829 1573 910 1638 fame
938 1560 1092 1648 laborans,
1130 1594 1196 1656 quae

67 1675 72 1683 ’
143 1682 325 1763 gravissima
348 1685 395 1744 est
414 1681 591 1744 helluonum
615 1685 643 1744 et
656 1680 853 1744 helluationis
873 1700 985 1763 poena;
1007 1681 1067 1744 nisi
1089 1699 1195 1745 sensus
1291 1681 1295 1686 ’

142 1793 206 1851 est:
240 1808 323 1851 mors
354 1789 383 1850 in
407 1788 537 1850 infantia
568 1787 617 1850 vel
645 1787 676 1850 in
704 1788 866 1869 juventute
899 1789 1061 1852 luxuriosis
1093 1789 1196 1851 minus

140 1897 304 1958 metuenda
327 1897 382 1970 est,
406 1913 497 1975 quam
520 1897 671 1957 senectus.
717 1894 797 1956 Nam
820 1914 900 1985 mors
923 1894 1088 1958 infantium
1111 1896 1193 1958 dioe-

138 2002 228 2065 batur
261 2002 385 2074 acerba,
421 2002 570 2084 juvenum
606 2001 769 2064 immatura
793 2007 824 2063 et
863 2020 972 2066 senum
1009 2002 1187 2066 naturalis«

138 2108 197 2171 Sed
221 2109 300 2189 apud
325 2127 430 2172 onmes
460 2110 578 2170 veteres
614 2111 736 2170 autores
773 2126 854 2171 mors
878 2115 1062 2190 praematura
1096 2094 1188 2190 atque

138 2216 245 2278 aeerba
282 2215 443 2278 luxuriosis
483 2204 647 2277 metuenda
686 2233 752 2278 esse
798 2213 910 2277 dieitur·
957 2215 1021 2290 (eir
1064 2217 1092 2289 l,
1130 2221 1187 2280 144

135 2321 225 2385 Hine
249 2323 367 2386 subitae
389 2324 534 2397 mortes),
569 2325 601 2383 et
628 2321 699 2402 quid
722 2321 779 2384 hoo
802 2321 859 2384 sibi
882 2322 965 2384 vult:
1003 2341 1103 2385 »mors
1127 2339 1185 2385 non
1250 2338 1254 2346 ·

134 2431 297 2493 metuenda
322 2431 370 2492 est
392 2429 442 2491 sed
461 2431 558 2490 morte
583 2428 680 2509 magis
704 2431 874 2502 senectus«,
898 2428 948 2491 ubi
973 2428 1046 2493 talis
1068 2447 1189 2510 eompa-

135 2537 213 2600 ratio
246 2535 434 2608 instituitur,
472 2539 508 2597 ut
540 2535 670 2597 alterum
703 2531 846 2615 negetur,
875 2534 1004 2597 alterum
1039 2536 1083 2610 ei,
1109 2537 1187 2616 quod

127 2646 271 2724 negetur,
294 2642 515 2724 pralerendum
540 2659 606 2704 esse
625 2641 766 2704 dicatur?
790 2642 884 2704 Poeta
906 2644 987 2704 oerte
1002 2659 1062 2705 nou
1083 2645 1185 2723 negat,

133 2753 345 2829 praematuram
370 2751 460 2829 atque
483 2747 624 2810 acerbam
647 2751 776 2810 mortem
803 2747 967 2810 luxuriosis
990 2749 1186 2811 metuendam

133 2874 207 2927 esse,
232 2857 285 2920 sed
307 2855 420 2918 talibus
432 2854 617 2929 hominibus,
641 2873 716 2934 quos
739 2853 847 2939 opibus
860 2855 1000 2931 omuibus
1022 2872 1185 2935 consump-

132 2963 173 3024 tis
213 2981 306 3044 egens
344 2968 486 3026 senectus
525 2963 666 3032 maneat,
711 2980 772 3025 non
805 2967 1019 3042 praematuram
1055 2964 1186 3024 mortem

132 3069 184 3131 sed
207 3072 396 3132 senectutem
417 3058 613 3132 metuendam
637 3087 703 3131 esse
724 3067 807 3130 dioit.
842 3067 1080 3142 substantivum,
1106 3069 1184 3149 quod

131 3179 178 3238 est
200 3174 352 3253 landrice,
386 3193 446 3239 non
475 3176 578 3239 dativo
610 3175 662 3238 sed
685 3175 826 3257 genetivo
857 3193 929 3239 oasu
962 3175 1097 3256 positum
1126 3181 1183 3240 est.
1223 3198 1228 3203 ’

133 3283 224 3345 Poeta
248 3283 291 3346 sio
314 3283 397 3346 enim
419 3283 602 3364 interrogat:
639 3281 716 3359 Quis
739 3286 769 3346 te
793 3281 932 3345 omnibus
954 3283 1044 3345 rebus
1068 3283 1129 3347 tuis
1151 3283 1182 3346 ia

72 3473 73 3478 ἵ
130 3393 264 3452 uentrem
282 3390 390 3452 mersis
402 3392 505 3452 manet
528 3389 650 3452 exitus?
673 3392 704 3451 et
716 3389 891 3472 respondet:
917 3389 984 3452 Non
1006 3392 1183 3471 praematuri

128 3493 254 3558 luxuria
278 3496 395 3559 eineres
417 3514 513 3576 neque
529 3497 619 3558 funus
642 3496 707 3558 eius
720 3496 860 3559 acerbum
877 3498 930 3559 sed
942 3500 1091 3576 senectus,
1115 3517 1181 3578 quoe

129 3602 228 3683 magis
250 3620 339 3683 quam
361 3621 444 3666 mors
466 3603 630 3666 metuenda
651 3605 707 3666 est.
730 3603 842 3666 Versus
865 3605 937 3677 duo,
962 3604 1012 3685 qui
1035 3606 1113 3669 inter
1135 3607 1180 3670 in·

129 3710 364 3790 terrogationem
387 3715 418 3772 et
439 3728 617 3790 responsum
637 3709 811 3791 interpositi
843 3715 931 3787 sunt,
965 3713 1180 3777 ooharentiam

128 3815 275 3878 sermonis
297 3815 552 3892 obscuraverunt,
582 3817 633 3879 sed
656 3836 750 3898 quum
773 3835 921 3898 nusquam
943 3820 1022 3899 apud
1044 3820 1178 3883 Juvena-

127 3922 189 3985 lem
211 3924 283 3986 talis
305 3923 495 4003 parenthesis
528 3924 608 3986 inter
638 3924 906 4006 interrogationem
942 3929 973 3988 et
1000 3925 1178 4006 responsum

126 4030 325 4093 interseratur
356 4028 421 4108 (eir.
444 4029 482 4105 X,
511 4034 580 4104 110,
607 4034 692 4108 159),
728 4048 825 4112 neque
846 4049 992 4112 usquam,
1026 4033 1078 4095 ubi
1107 4033 1179 4096 talis

124 4135 323 4218 interrogatio
337 4138 490 4217 praeeedit,
502 4154 681 4218 responsum
695 4137 892 4213 desideretur,
905 4157 1059 4220 quumque
1071 4157 1177 4204 versus

973 4241 1022 4294 11*
