2694 4582
592 292 633 344 lie
652 283 755 358 ellipsi.
1138 293 1197 357 109

144 498 286 581 faciam,
302 496 488 576 properabo
503 495 610 577 fateri
632 493 685 557 crf.
708 493 791 568 XIV,
825 496 896 566 237,
920 493 988 567 VII,
1016 499 1086 569 141,
1109 493 1196 567 XIII,

151 609 230 677 2383
275 605 326 667 sed
360 604 547 684 praetcritum
580 606 701 685 tempus
730 618 798 664 ram
820 601 986 664 omittitur:
1018 601 1101 678 XIV,
1134 604 1197 666 312

129 710 263 798 ‚Sciat
290 709 488 787 Alexander,
523 713 645 789 anania
667 706 802 790 felicior
824 707 885 783 liic,
909 710 966 789 qai
987 707 1037 773 nil
1059 712 1197 789 caperet,

151 838 248 901 neque
270 836 397 899 usquam
421 818 547 880 verbum
571 816 667 881 subst.
690 819 760 896 post
782 816 1019 898 conjunctiones,
1042 835 1109 898 quae
1126 821 1199 880 sunt

151 929 196 1003 ai,
230 946 279 1001 ne,
315 925 460 989 omissum
495 923 649 986 invenitur
661 925 693 1000 ¹).
737 923 773 985 In
807 923 908 986 salirae
943 927 1036 986 sextae
1065 944 1093 987 v.
1118 927 1196 991 638:

103 1020 223 1096 ⁴¹*Nos
256 1034 385 1096 atinam
417 1033 496 1095 vani
529 1031 713 1112 conjunctivi
747 1031 848 1114 prima
880 1049 1008 1112 persona
1030 1032 1198 1095 Insolenlcr

151 1141 263 1204 omissa
284 1146 339 1203 cst.

237 1247 337 1310 Simili
356 1245 480 1309 licentia
492 1245 651 1310 luvenalis
670 1245 760 1307 etiam
786 1245 846 1306 alia
860 1246 959 1325 verba,
982 1246 1035 1308 ubi
1053 1263 1089 1309 aa
1106 1248 1197 1322 notio,

154 1375 221 1437 quae
244 1354 440 1427 desideratur,
466 1353 552 1415 facilc
576 1352 728 1429 definitur,
752 1353 800 1415 vel
823 1352 940 1415 omittit
962 1353 1010 1415 vel
1032 1353 1076 1416 ita
1101 1354 1197 1437 ponit,

151 1467 187 1526 ul
210 1467 263 1525 aul
285 1463 316 1523 in
339 1461 491 1524 sententia
513 1459 655 1540 primam-c
678 1459 726 1523 vel
749 1460 925 1523 secundaria
948 1461 1093 1544 positam
1106 1461 1198 1525 sImili

151 1570 302 1633 scatentia
324 1569 494 1642 audiantur,
531 1571 585 1630 aul
618 1587 661 1630 ea.
692 1586 759 1648 quae
782 1569 854 1647 apta
877 1570 924 1629 est
947 1567 1031 1630 verbi
1055 1569 1199 1643 formae

151 1676 302 1741 sententia
313 1676 456 1757 primaria
468 1677 504 1737 ad
518 1676 725 1738 secundariicm
737 1674 794 1746 vel,
818 1675 897 1754 quad
915 1674 1012 1737 rarius
1030 1678 1086 1751 est,
1111 1694 1127 1738 e
1150 1695 1198 1739 se-

151 1784 294 1847 cundaria
331 1784 368 1845 ad
400 1783 577 1867 primaliam
610 1782 788 1845 arcessenda
822 1781 873 1844 sil.
928 1782 1029 1845 Pauca
1063 1781 1201 1863 exempla

151 1891 291 1955 attulisse
326 1891 401 1953 salis
435 1890 505 1952 erit:
542 1890 611 1962 VII,
650 1892 691 1953 30
724 1887 852 1952 Didicit
867 1889 943 1968 jani
965 1889 1054 1953 dices
1077 1908 1200 1952 avains

156 1979 490 2076 Tantani'acliniraii,
532 2001 660 2060 lanlnni
694 1995 831 2060 laaclaic
854 1997 1002 2074 eliserlos,
1042 1996 1084 2062 Ui
1099 1997 1200 2076 paeri

151 2106 295 2170 lancni's
310 2125 400 2168 accen
417 2103 494 2177 (scil.
508 2106 696 2167 admirantur
711 2107 743 2166 et
753 2105 906 2181 laudan113
930 2105 1000 2180 1³11,
1016 2108 1053 2169 81
1068 2103 1200 2168 Balnea

40 2237 43 2243 ·
153 2215 312 2277 sexcentis
335 2217 364 2276 el
380 2212 493 2292 planis
509 2213 668 2291 poeticas,
703 2213 740 2274 in
770 2231 836 2290 qna
863 2211 1016 2276 Geslelnr
1038 2211 1198 2287 dominas,

155 2323 280 2400 anolies
306 2320 406 2400 plait.
486 2320 581 2381 Anne
614 2339 762 2382 serenam
795 2319 968 2399 Exspeclel
1000 2322 1201 2399 spacaalqae

155 2427 222 2490 lnlc
238 2428 391 2508 janienla
413 2425 558 2489 recenli?
582 2426 647 2489 Hic
663 2427 786 2506 polias,
810 2427 893 2489 ubic
914 2425 1201 2507 praecedcnffiVerbo

152 2538 296 2616 aestelnr
328 2535 454 2597 verbum
487 2535 696 2597 arcessendum
727 2537 788 2607 θεῖς
822 2534 859 2607 Χ,
891 2536 953 2598 256
976 2533 1057 2596 Hac
1092 2533 1201 2596 eaden

154 2641 279 2714 Pelens,
302 2641 354 2703 ubi
377 2641 526 2720 qnecilnr
548 2660 563 2702 c
588 2647 626 2714 (v.
651 2644 725 2716 251)
749 2644 907 2719 queratur
929 2641 1109 2704 eliciendum
1137 2644 1200 2714 cst;

153 2750 185 2812 in
208 2749 301 2811 satira
322 2748 387 2821 XV,
411 2767 469 2829 qua
491 2748 557 2811 loca
580 2751 670 2828 pocla
691 2767 826 2833 pugnam
848 2748 929 2811 inter
941 2749 1053 2813 Ombos
1076 2749 1200 2810 cII'en-

155 2859 223 2938 lyra
245 2856 439 2918 commissam
463 2853 638 2919 describens
661 2873 687 2917 a.
711 2875 738 2918 v,
762 2858 803 2920 64
826 2856 881 2918 hos
904 2874 1009 2919 versus
1033 2855 1168 2936 scripsit:

199 3008 291 3072 Sana
312 3007 483 3070 Inclinatis
499 3028 563 3086 pec
586 3007 718 3069 lacinia
741 3008 880 3086 qaasiia
904 3007 1035 3071 lacellis

197 3116 368 3196 Incipiunt
390 3119 547 3194 larnnece,
571 3114 745 3178 elcinseslica
767 3113 926 3179 seclilicne

200 3223 287 3299 Tela,
311 3243 368 3285 nec
390 3222 474 3285 lianc
498 3221 648 3302 lapidem,
672 3222 785 3302 quales
808 3226 837 3285 cl
863 3221 995 3285 Tarans
1018 3224 1048 3284 cl
1069 3221 1169 3298 Aiac,

205 3329 260 3394 Vel
282 3350 343 3410 qno
371 3329 510 3410 Tydides
526 3330 693 3409 percussit
709 3329 856 3409 pandere
878 3347 992 3391 conam

197 3437 324 3513 AEnea,
347 3437 405 3500 secl
426 3458 518 3516 qnein
539 3437 672 3500 caleant
693 3438 834 3500 emiliana
857 3435 990 3500 clenica.

64 3639 71 3683 3
157 3607 194 3670 ad
219 3625 316 3684 voces,
339 3627 405 3689 qua
429 3610 515 3670 suni:
540 3605 653 3685 naales
675 3607 741 3686 (cli.
766 3606 802 3682 V,
829 3608 885 3669 147
910 3603 1048 3668 Balelas
1063 3603 1202 3684 dominc,

156 3712 214 3777 secl
235 3713 348 3792 qaales
374 3714 536 3777 Ulanclins
558 3713 636 3784 cclii)
667 3717 697 3776 el
729 3712 861 3776 Tnenns
891 3717 921 3776 el
943 3712 1043 3785 Aian,
1078 3711 1202 3775 verbum

173 4045 198 4108 ¹)
227 4044 304 4095 Pers.
325 4044 373 4107 III,
393 4046 421 4094 51
444 4042 496 4092 Nea
515 4043 565 4105 qais
585 4041 698 4090 callidior
716 4043 799 4090 buxam
819 4051 925 4104 torquere
935 4039 1048 4104 flaqelIO,
1066 4038 1132 4089 Hor.
1145 4037 1202 4089 Sat.

224 4134 246 4198 I,
266 4135 290 4198 3,
309 4135 341 4184 33
360 4135 395 4182 At
413 4141 446 4181 est
465 4135 545 4196 bonas,
564 4141 589 4180 al
607 4131 688 4178 melior
705 4131 742 4178 cir
761 4148 805 4179 non
824 4131 888 4179 alias
907 4130 1039 4193 qaisquam.
