2694 4582
190 285 251 348 130
563 290 570 303 ·
633 283 676 335 oe
696 282 801 350 ellipsi.
832 357 838 369 .

190 484 263 547 facit
298 488 387 564 atque
423 483 519 564 plebis
553 485 753 566 cogitationes
792 485 907 549 crudeli
941 505 977 550 ao
1010 441 1112 552 subita
1143 487 1244 552 Seiani

189 595 287 656 morte
309 594 409 655 motas
428 591 473 654 ita
487 591 718 655 adumbrantem
731 592 829 674 fingit,
853 596 888 656 ut
899 593 1031 674 plurium
1043 613 1242 680 personarum

188 701 293 782 partes
317 701 397 779 agat,
421 699 575 762 sedidem
599 703 689 779 atque
705 718 798 783 supra
812 701 982 780 respondet.
1026 701 1132 782 Neque
1144 702 1242 767 Hein-

189 805 315 876 riohius,
350 823 441 886 quem
464 805 589 869 Iahnius
620 810 651 869 et
672 805 868 869 Hermannus
899 811 1074 887 sequuntur,
1109 809 1243 890 reliquos

188 931 295 975 versus
322 915 405 976 recte
436 912 606 988 distribuit,
640 932 709 975 nam
739 913 835 989 idem,
869 913 920 994 qui
942 912 1115 978 Perituros
1141 916 1241 979 audio

189 1018 309 1082 mattos
331 1020 412 1094 dicit,
435 1020 528 1083 etiam
552 1018 777 1100 apollidutus
798 1020 844 1082 me'
866 1025 904 1095 (v.
928 1023 981 1096 82)
1003 1023 1094 1085 verba
1116 1025 1242 1104 profert,

188 1145 258 1207 quae
288 1126 379 1189 breve
407 1129 497 1207 atque
529 1145 620 1208 grave
650 1146 828 1208 responsum
852 1125 914 1190 Nr'l
936 1127 1086 1206 dubiam
1118 1149 1241 1210 mopere

188 1237 236 1296 est
257 1231 440 1316 sarcocelen
470 1238 652 1315 sequuntur,
685 1238 754 1315 post
787 1253 855 1315 quae
885 1235 976 1298 rerba
1004 1240 1116 1316 puncto
1145 1236 1242 1318 igitur

184 1340 436 1422 ‘distingvendunr
450 1344 499 1404 est
510 1340 708 1422 (fornacula.
734 1340 1006 1418 Pollidalusmo').
1037 1342 1069 1405 Si
1081 1343 1242 1423 loquentes

187 1448 359 1512 accuratius
371 1448 598 1529 inspexerimus,
620 1466 669 1511 res
679 1449 839 1528 perspicua
850 1449 917 1511 erit.
962 1449 1052 1512 Alter
1070 1449 1162 1526 onim,
1186 1450 1239 1530 qui

187 1555 284 1637 plebis
307 1571 469 1640 personam
492 1555 591 1619 induit
613 1559 645 1618 et
666 1555 882 1636 interrogantis
905 1557 954 1618 vel
982 1556 1239 1636 interrogantium

186 1667 287 1744 partes
300 1663 372 1744 agit,
396 1663 486 1725 homo
510 1662 687 1738 ostensius,
711 1662 856 1741 curiosus,
880 1663 1064 1730 inconstans.
1087 1663 1238 1748 trepidus,

188 1770 240 1850 qui
253 1769 386 1833 violenta
398 1767 499 1831 Seiani
512 1772 608 1833 morte
620 1770 814 1850 perturbatus
833 1787 936 1833 omnes
952 1770 1240 1852 interrogationibus

187 1896 297 1940 vexans
338 1876 450 1951 ambit,
495 1875 587 1952 alter,
630 1877 686 1939 sub
727 1878 814 1940 cuius
855 1895 983 1958 persona
1024 1881 1116 1962 poeta
1147 1877 1239 1954 latet,

141 1993 145 2002 “
189 1986 294 2065 etqui
317 1983 429 2063 ubique
441 1985 611 2064 respondet,
634 1986 776 2046 constans
788 1987 878 2064 atque
891 1984 992 2066 gravis
1004 1985 1093 2047 homo
1106 1988 1161 2062 est,
1186 1984 1239 2065 qui

74 2154 77 2158 ,
188 2091 425 2155 inconstantiam
452 2091 549 2171 piebis
579 2090 721 2153 Seianum
757 2091 793 2152 ad
822 2090 937 2153 coelum
968 2110 1063 2171 nuper
1090 2090 1239 2165 tollentis

23 2246 26 2255 .
120 2216 129 2259 ,¹
187 2200 261 2261 tunc
294 2199 419 2290 cadaver
453 2197 518 2260 eius
552 2197 697 2260 calcantis
731 2198 811 2260 salse
840 2197 945 2260 irridet
974 2202 1064 2278 atque
1093 2199 1237 2280 exagitat,

187 2304 246 2368 Ille
269 2305 440 2368 rumoribus
469 2304 620 2366 inhaerens
648 2303 754 2367 multis
783 2305 1071 2389 interrogationibus
1098 2324 1240 2369 caussam

127 2460 134 2487 p
187 2412 293 2476 mortis
317 2411 433 2492 quaerit‚
464 2411 513 2498 hio
534 2411 638 2492 paucis
661 2412 760 2475 verbis
783 2411 945 2492 epistolam
972 2412 1128 2474 verbosam
1152 2412 1237 2493 (quia

136 2498 141 2509 ⁸
186 2522 223 2584 de
245 2520 351 2584 multis
374 2519 464 2582 rebus
486 2536 580 2600 agens
603 2519 659 2581 sub
681 2519 774 2581 finem
795 2523 954 2599 tamquam
975 2518 1073 2582 obiter
1094 2517 1238 2582 Seianum

135 2672 140 2682 ·
186 2628 218 2691 in
241 2645 392 2691 carcerem
421 2626 529 2707 conjici
546 2625 687 2708 jubebat)
710 2626 834 2706 Capreis
867 2625 985 2688 venisse
1019 2627 1183 2708 respondet
1206 2631 1237 2690 et

187 2735 298 2799 iterum
326 2735 361 2796 de
384 2752 531 2797 concursu
559 2733 716 2796 hominum
746 2733 952 2813 interrogatus
982 2732 1101 2813 plebem
1128 2733 1237 2796 acerbe

187 2842 325 2923 castigat.
374 2840 457 2903 Prior
486 2839 610 2920 excipit:
657 2838 827 2902 Perituros
861 2839 959 2901 nodio
990 2839 1118 2918 multoc,
1156 2842 1235 2920 quod

186 2951 265 3014 alter
288 2947 387 3011 verbis
409 2944 471 3008 Nil
493 2945 645 3024 dubiam
681 2967 803 3026 mayoc
831 2951 879 3009 cst
892 2945 1076 3028 fornacula
1109 2948 1235 3021 (multas

186 3060 303 3120 statuas
322 3056 432 3135 praeter
445 3051 545 3116 Seiani
567 3072 673 3133 capere
695 3057 807 3133 potest)
831 3054 975 3131 affirmat,
999 3058 1031 3118 et
1045 3055 1108 3132 ille,
1131 3058 1167 3118 ut
1189 3058 1237 3119 est

185 3165 301 3238 annius,
335 3180 367 3225 se
389 3160 565 3223 Brutidium
597 3160 628 3223 in
656 3160 766 3224 Martis
800 3179 907 3245 campo
943 3161 1090 3241 pallidum
1124 3162 1236 3226 vidisse

185 3271 373 3343 recordatur,
410 3268 474 3350 jam
516 3268 597 3331 huno
635 3270 757 3348 captum
798 3287 863 3331 esse
903 3271 1092 3349 compertum
1126 3269 1235 3349 habet,

186 3378 244 3442 sibi
258 3376 368 3440 metuit
384 3379 414 3439 et
425 3378 461 3439 ut
473 3374 574 3438 Seiani
590 3375 716 3438 cadaver
738 3375 881 3439 calcando
902 3374 923 3437 b
942 3375 1077 3455 periculo
1089 3394 1120 3439 se
1136 3380 1236 3440 servat

185 3484 315 3566 aufugit.
362 3484 401 3544 nt
423 3482 454 3544 in
477 3482 546 3565 ipsa
569 3482 728 3545 verborum
748 3484 843 3544 forma
860 3483 925 3544 banc
947 3481 1121 3546 distributio
1144 3483 1233 3559 inest,

185 3611 255 3656 nam
269 3591 346 3654 alter
357 3589 477 3669 ubique,
501 3589 578 3651 alter
600 3607 746 3669 nusquam
770 3589 870 3672 prima
886 3589 969 3652 verbi
984 3607 1111 3670 persona
1125 3589 1233 3668 utitur,

185 3704 216 3762 et
248 3700 337 3779 poeta
370 3696 435 3776 ipse
464 3697 530 3759 baec
552 3696 643 3760 verba
671 3696 768 3759 addit:
812 3695 863 3758 Hc‘
892 3715 1056 3760 sermones
1082 3696 1172 3759 Turro
1196 3697 1235 3760 de

186 3805 317 3878 Scione,
348 3802 455 3883 quibus
478 3821 510 3865 se
532 3802 565 3865 in
587 3804 734 3867 sermonis
758 3803 887 3866 formam
911 3822 1015 3866 versus
1041 3803 1233 3867 distribuisse

186 3914 328 3977 declarat.
384 3909 516 3990 Objiciat
549 3909 677 3972 fortasse
711 3909 792 3990 quis,
838 3929 929 3990 quum
961 3913 1053 3994 poeta
1091 3929 1123 3973 se
1151 3911 1233 3986 vulgi

184 4036 338 4084 sermones
369 4034 515 4096 exponere
555 4016 648 4092 dicat,
693 4016 822 4079 alterum
857 4017 947 4080 nimis
980 4018 1113 4099 graviter
1142 4021 1232 4098 atque

182 4123 450 4204 irridenterloqui3
473 4124 527 4186 sed
548 4141 619 4186 eum
640 4121 720 4186 fictis
743 4124 806 4187 suis
827 4124 963 4206 personis
983 4124 1181 4206 cogitationes
1197 4144 1232 4189 ao
