2694 4582
364 263 410 315 De
427 263 560 316 ulteriore
579 264 727 317 verborum
744 265 849 331 positu.
972 231 978 240 ¹
1090 268 1133 332 43

83 487 203 550 semper
222 469 256 530 in
277 469 335 531 hae
355 469 435 549 poni,
458 468 649 532 notissimum
673 472 781 540 estet
804 469 948 532 voeabula
970 468 1132 531 sententia

81 576 234 657 primaria
254 577 335 656 apud
355 587 460 656 poetas
482 576 535 638 nni
558 586 637 653 traro
668 575 821 658 pluribus)
842 576 1003 639 sententiae
1024 594 1132 639 seeum

83 685 175 747 olearia
197 685 263 747 roei
285 684 434 765 postponi
456 688 521 746 tam
542 683 684 765 frequens
706 690 764 751 est,
786 696 819 747 ut
831 685 888 748 hoe
902 683 1045 766 attigisse
1056 682 1133 746 satis

85 791 137 856 sit
171 792 237 853 lloe
259 810 331 854 rero
349 792 423 854 loeo
449 792 529 872 quod
549 793 740 854 rarissimum
762 796 820 866 est,
840 792 873 854 id
895 791 1131 863 substantivum

81 900 163 980 quod
185 899 373 961 sententiam
394 899 550 961 relativam
573 899 742 971 constituit,
768 901 822 963 uui
843 900 936 962 huius
956 899 1023 961 roei
1045 904 1131 979 post·

80 1008 216 1088 positruu
237 1013 284 1069 est
306 1005 424 1071 (denso
435 1010 572 1068 moelem
570 1008 600 1087 ),
621 1025 716 1087 quum
738 1010 841 1070 antem
864 1024 1028 1088 pronomen
1050 1006 1130 1070 rela-

80 1115 179 1177 tirum
200 1114 240 1176 ab
259 1114 349 1176 initio
369 1115 530 1176 sententie
551 1113 690 1177 auulsum
713 1115 763 1179 sit.
785 1133 939 1195 quumque
959 1133 1018 1177 uon
1031 1113 1130 1178 solnm

81 1223 318 1295 substantivum,
350 1222 431 1302 quod
462 1220 614 1295 delinitur,
648 1221 676 1283 ei
708 1223 843 1302 proxime
876 1221 1047 1295 antecedat,
1075 1221 1129 1284 sed

80 1329 207 1392 uerbum
229 1348 348 1410 quoqne
369 1329 532 1392 sententiae
547 1329 578 1390 id
594 1328 805 1410 subsequatur.
828 1329 905 1392 nihil
916 1348 1032 1392 taussae
1045 1329 1129 1392 ride·

79 1440 139 1504 tur,
163 1457 218 1500 eur
238 1458 257 1500 a
279 1437 412 1517 simplici
433 1436 602 1516 explieandi
622 1437 740 1499 ratione
761 1435 916 1510 abeamus
938 1440 970 1500 et
991 1437 1130 1501 Jurena·

78 1543 152 1617 lem,
173 1545 226 1606 utri
248 1545 472 1606 substantivum
488 1563 609 1606 uersum
621 1543 751 1607 claudat.
774 1545 960 1625 adjectirum
970 1545 1129 1608 adhaerens

80 1652 127 1714 ita
147 1671 259 1733 ponere
279 1671 390 1724 amare,
412 1662 447 1714 ut
458 1671 580 1714 resurae
597 1653 728 1732 pondere
745 1652 896 1715 efferatur,
919 1651 998 1714 unde
1020 1669 1128 1714 caussa

81 1762 193 1823 mutati
215 1760 375 1822 verborum
396 1759 510 1822 ordinis
531 1760 596 1821 sine
619 1758 711 1821 dubio
731 1759 863 1840 petenda
884 1766 942 1832 est,
959 1759 1022 1834 jam
1044 1776 1127 1822 rom·

80 1867 315 1930 memoravimus
336 1865 592 1947 (densa-olion).
636 1867 723 1943 Quod
744 1867 783 1928 ad
805 1866 934 1929 alterum
958 1866 1057 1929 laeum
1080 1872 1128 1930 at-

79 1974 174 2046 tinet,
217 1975 344 2037 rerbum
376 1975 536 2036 sententia
570 1975 705 2037 relativae
737 1974 903 2054 (aaroni)
936 1974 1126 2038 substantivo

77 2083 282 2162 antepositum
315 2083 371 2145 hoe
399 2084 561 2144 sententiae
584 2082 718 2144 relativae
739 2082 917 2163 adjunctum
938 2099 1006 2144 esse
1028 2081 1125 2145 dotet

166 2189 234 2252 uon
256 2190 360 2271 paneis
382 2189 456 2252 loeis
478 2190 659 2270 interpretes
690 2207 789 2252 errore
810 2189 961 2252 liberioris
982 2188 1125 2252 substau-

79 2297 135 2360 tiri
157 2297 400 2378 transpositionis
423 2296 559 2360 labentes
581 2297 804 2366 aberraverunt,
837 2315 932 2377 quum
954 2302 1057 2359 autem
1080 2299 1125 2360 tot

78 2423 169 2486 supra
190 2405 290 2486 posite
311 2405 383 2479 sint,
405 2422 502 2485 neque
524 2405 686 2486 quidquam
700 2402 782 2467 dubii
798 2405 898 2468 inesse
911 2404 1018 2485 possit,
1035 2405 1126 2469 modo

44 2594 48 2601 Ι
76 2531 181 2584 uuum,
214 2531 315 2592 quem,
348 2512 417 2593 quia
451 2513 488 2574 de
521 2511 709 2575 enarratione
737 2512 804 2574 eius
826 2511 913 2574 rolde
935 2512 1125 2588 dissentitur,

77 2620 176 2683 adhue
197 2619 314 2689 distuli,
336 2621 386 2681 bie
408 2620 581 2701 adJungam.
626 2619 664 2681 Iu
696 2619 791 2682 satira
818 2622 933 2685 oetam,
961 2623 1124 2700 postquam

75 2732 166 2809 poeta
187 2727 351 2790 dissolutos
366 2726 513 2790 nobilium
526 2727 728 2790 Romanorum
747 2744 867 2807 opernm
885 2745 983 2789 scenae
1006 2730 1036 2790 et
1058 2745 1124 2790 am-

74 2835 250 2917 phitheatro
280 2835 445 2898 locantium
479 2853 578 2898 mores
611 2834 754 2916 depinxit.
789 2834 837 2897 eui
860 2833 926 2898 loeo
947 2833 1123 2915 Madvigius

20 3013 25 3018 ,
75 2943 230 3024 egregiam
252 2943 350 3005 lucem
373 2943 517 3012 admouit,
541 2943 606 3005 haee
628 2960 647 3004 a
669 2962 697 3005 r.
712 2945 772 3008 199
795 2943 906 3023 scripta
929 2945 1015 3005 sunt:

838 3093 884 3157 Et
903 3093 975 3157 illic

118 3201 265 3266 Dedecus
288 3203 380 3265 urbis
402 3201 519 3266 habes:
541 3223 599 3266 nec
620 3202 830 3266 mirnrilloois
852 3203 887 3264 ier
911 3203 1017 3264 armis

99 3527 117 3591 ¹)
136 3527 230 3580 Etiam
249 3527 376 3579 Ovidium
395 3528 479 3580 simili
499 3527 715 3594 transpositioni
734 3526 761 3577 iu
779 3525 829 3578 lib.
849 3524 1121 3581 ldetam.VllIr.3'1

143 3612 294 3666 indulsisse
314 3612 410 3664 credo.
447 3613 540 3665 Locus
559 3613 600 3664 sic
619 3613 743 3678 scriptus
762 3611 870 3665 editur:

249 3756 254 3763 .
278 3715 349 3764 Felix
359 3715 478 3780 jaculum,
497 3715 560 3779 quod
576 3725 683 3780 torperet
701 3715 752 3775 itte,

230 3798 333 3862 Quaque
349 3816 434 3848 monus
450 3809 573 3862 premeret,
585 3800 676 3863 felicio
686 3800 764 3862 frena
781 3801 882 3850 vocabat

141 3900 270 3953 Insolens
290 3908 335 3953 est
352 3902 443 3952 forma
461 3900 608 3952 sententie
628 3900 763 3963 relativae,
782 3914 844 3964 quae
863 3898 1006 3967 particula
1019 3897 1120 3964 posad-

140 3987 239 4050 juncta
258 3984 462 4037 substantivum
482 3983 634 4049 desiderat,
651 3984 830 4048 quamobrem
843 3983 966 4048 Ovidius,
985 3990 1016 4034 ut
1034 3982 1121 4034 rerba

132 4070 223 4134 selino
232 4071 311 4133 from
328 4069 427 4120 eodem
447 4069 543 4122 ordine
562 4085 617 4134 quo
628 4069 700 4119 Felix
712 4069 1006 4134 memorarentur,
1025 4065 1119 4132 atheo·
1212 4096 1221 4118 .

141 4153 226 4206 tirum
244 4154 392 4206 sententiae
412 4153 464 4205 rel.
484 4153 690 4221 interposuisse
709 4153 828 4205 ridetur.
