2694 4582
180 255 240 316 115
623 249 663 300 De
684 248 789 315 ellipsi.

181 454 339 518 continens
358 453 391 515 10
402 452 553 535 adjectivi,
577 454 656 533 quod
679 451 829 525 0011060,
853 451 1105 533 significationem
1128 455 1228 515 trans-
1256 523 1258 525 .

180 561 227 634 iit,
252 565 280 623 et
305 579 340 622 ex
364 560 457 623 satira
480 561 565 622 sexta
586 560 670 623 locus
691 560 791 622 011001
805 561 916 640 potest,
939 579 998 640 quo
1014 559 1097 622 idem
1119 577 1228 640 prono·
1315 625 1319 631 .

182 685 253 730 men
265 686 388 730 versum
402 666 548 746 incipiens
561 667 665 729 eadem
685 666 906 748 significatione
921 667 1056 747 positum
1068 670 1130 742 est:
1151 665 1230 745 Qum

183 774 276 837 6060
297 773 452 837 sumserit
473 793 619 851 uuquam
641 774 715 836 Hos
737 773 869 836 6061600
892 779 932 848 (v.
957 775 1031 849 266)
1055 773 1158 848 01011,
1171 776 1228 838 187

180 882 257 946 Ηο0
273 900 411 961 poenos,
433 881 498 958 XV,
520 885 562 949 65
584 881 684 945 Horae
707 880 857 960 lapidem,
881 879 999 960 quatis,
1022 879 1060 959 V,
1087 883 1146 944 173
1164 878 1231 943 His

182 988 287 1069 epotis
321 993 351 1052 et
373 988 436 1051 tott
458 989 579 1070 dipuus
602 989 715 1052 amico.
762 989 863 1051 Verba
896 987 970 1051 uteo
1000 985 1129 1067 quoodo
1158 985 1244 1048 Hos·

187 1098 331 1169 006000,
360 1097 385 1160 01
409 1095 467 1159 600
490 1099 537 1159 est
558 1097 667 1159 borum
688 1097 860 1174 hominum,
890 1097 1005 1160 exitum
1029 1113 1088 1158 000
1110 1093 1232 1168 habent,

187 1207 218 1267 et
241 1205 267 1267 si
290 1224 361 1266 cum
386 1204 550 1284 11000060,
575 1203 765 1277 Ηο10010610,
799 1203 905 1266 multis
928 1202 1101 1265 adverbium
1125 1202 1233 1282 rumpis

186 1331 221 1375 ex
236 1311 450 1392 comparativis
467 1311 706 1391 praecedentibus
725 1312 868 1387 eruimus,
891 1311 947 1373 hoe
965 1309 1138 1373 adverbium
1163 1327 1234 1371 cum

190 1419 365 1500 pronomine
389 1417 498 1480 60010
522 1418 653 1499 gratiam
675 1419 773 1500 redigi
795 1437 855 1481 non
875 1420 985 1498 potest.
1041 1415 1072 1480 Si
1095 1416 1233 1479 nomina·

187 1527 270 1590 tivus
294 1530 442 1606 praeterea
464 1524 530 1588 6000
552 1545 605 1607 pro
628 1525 685 1588 600
708 1525 914 1601 substituitur,
937 1524 1012 1588 0100
1023 1524 1089 1587 brae
1110 1527 1158 1586 est
1180 1524 1245 1585 aut.

188 1633 279 1696 huius
301 1633 445 1714 temporis
469 1632 535 1695 0100
557 1635 612 1695 aut
640 1637 704 1695 tam
726 1634 844 1714 perdita
866 1633 940 1707 0100,
965 1650 1061 1714 neque
1083 1629 1233 1711 intelligo,

186 1760 239 1804 cur
261 1742 369 1822 000910
392 1741 607 1803 arcessendum
631 1741 684 1814 sit,
710 1760 777 1821 quae
799 1760 854 1804 vox
878 1740 1061 1803 sententiam
1082 1737 1141 1801 loci
1164 1755 1233 1817 per-

184 1847 295 1911 turbet.
340 1848 445 1928 Ipsum
469 1847 627 1910 verborum
655 1849 789 1928 positum
817 1851 907 1930 atque
941 1848 1090 1911 rationem
1118 1863 1232 1917 versus,

184 1972 349 2036 pronomen
383 1953 441 2016 bos
464 1955 612 2035 singulari
635 1956 662 2017 vi
687 1955 786 2018 efferri
820 1960 851 2018 et
880 1956 1006 2018 eandem
1038 1953 1149 2034 gradus
1178 1968 1234 2013 00-

185 2061 297 2124 tionem
334 2054 426 2142 atque
460 2080 644 2142 praegressos
678 2063 896 2143 comparativus
924 2062 1093 2136 continere,
1128 2059 1234 2120 dooere

186 2168 332 2245 diximus,
363 2187 459 2249 neque
482 2168 606 2230 dubium
631 2173 694 2244 est,
731 2170 803 2250 quin
827 2171 953 2233 verbum
977 2189 1010 2232 ex
1036 2165 1235 2249 praecedentis

186 2275 349 2338 sententiae
364 2276 454 2338 verbo
475 2277 523 2338 vel
539 2295 573 2337 ex
589 2276 655 2356 ipsa
667 2277 819 2339 sententia
834 2278 1001 2340 eruendum
1013 2277 1062 2340 sit.
1100 2273 1234 2352 Utraque

186 2382 233 2445 via
256 2382 335 2445 idem
360 2382 484 2446 verbum
509 2383 637 2446 elicitur.
678 2383 937 2461 Quemadmodum
964 2383 1046 2447 enim
1071 2381 1235 2446 nunidem

186 2489 311 2552 verbum
335 2491 385 2552 sed
410 2490 536 2552 eandem
560 2491 715 2554 notionem
739 2493 913 2573 primariam
930 2492 1083 2554 interdum
1107 2478 1234 2552 audien-

187 2597 258 2659 dam
270 2615 336 2660 esse
350 2597 545 2672 ostendimus,
568 2600 697 2679 passiva,
721 2606 755 2662 ut
768 2600 812 2662 ita
827 2600 935 2676 dicam,
949 2598 1109 2661 sententiaa
1123 2597 1233 2659 forma:

189 2704 318 2783 quaudo
342 2706 449 2767 arcator
472 2707 624 2768 ooortttce
649 2708 765 2786 potuit
787 2708 882 2770 01000
918 2707 949 2768 10
972 2705 1103 2769 activam
1136 2707 1235 2765 trans·

187 2812 335 2875 formata:
361 2812 490 2891 quamdo
515 2814 661 2876 uourttc'o
683 2815 792 2877 010000
815 2815 970 2876 oratorem
992 2812 1107 2875 traduat
1129 2813 1235 2889 (pote-

181 2917 295 3001 fecr‘t)‚
320 2919 442 2982 verbum
478 2919 593 2982 laubott
629 2922 666 2984 ad
700 2922 882 2984 sententiam
907 2920 981 2984 0100
1010 2918 1140 3000 quaudo
1162 2915 1236 2980 Hos

188 3027 316 3089 006000
339 3027 436 3089 audiri
459 3030 573 3107 potest,
605 3046 757 3108 quumque
781 3046 944 3108 pronomen
967 3028 1025 3090 600
1048 3027 1160 3109 gradus
1183 3042 1237 3087 no·

188 3133 299 3196 tionem
324 3134 487 3207 contineat,
512 3119 746 3211 substantivum,
770 3136 848 3215 quod
862 3138 909 3198 est
930 3136 1067 3207 006000,
1090 3151 1149 3196 non
1171 3131 1237 3194 ani·

188 3257 254 3302 mos
277 3239 433 3303 hominum
457 3260 553 3322 neque
576 3243 715 3305 homines
737 3242 905 3323 significat,
930 3244 981 3305 sed
1006 3241 1156 3313 audaciae,
1179 3239 1235 3301 im·

188 3347 341 3427 pudentiae
364 3348 448 3430 notio
472 3349 500 3410 01
522 3349 658 3430 subjecta
682 3354 737 3413 est.
794 3349 844 3413 Sic
865 3349 957 3412 etiam
982 3349 1013 3411 10
1037 3348 1131 3412 satira
1153 3349 1238 3409 sexta

189 3459 286 3533 poeta,
310 3458 470 3535 postquam
492 3456 712 3537 impudentiam
736 3460 883 3520 matronae
906 3457 937 3519 10
963 3456 1111 3520 adulterio
1134 3474 1152 3517 a
1174 3471 1237 3516 ma·

194 3560 254 3623 rito
277 3562 471 3641 deprehensa
494 3563 663 3643 descripsit,
688 3565 753 3626 hac
775 3565 861 3627 addit
884 3570 924 3636 (v.
950 3565 1044 3646 285):
1072 3560 1169 3625 Natat
1191 3565 1239 3624 est

191 3667 352 3730 audactus
375 3667 444 3731 ocu
462 3669 662 3749 Deprensis:
684 3672 771 3733 tram
794 3675 891 3751 utque
909 3672 1037 3734 006000
1060 3691 1081 3732 u
1104 3670 1239 3733 crimine

190 3780 332 3838 summat.
378 3777 409 3838 Si
435 3778 567 3854 vocibus
591 3798 659 3858 quae
683 3781 755 3841 sunt
777 3779 835 3841 bos
859 3780 995 3853 detraes,
1020 3777 1237 3859 6000013016-

191 3882 338 3945 cntionem
364 3883 552 3965 subjicimus,
576 3886 659 3948 idem
681 3887 807 3949 verbum
830 3886 944 3950 606011
967 3905 1001 3948 00
1023 3886 1097 3967 ipsis
1120 3903 1238 3966 quoque

101 3967 110 3987 ⁴
190 3989 289 4052 verbis
312 3989 386 4052 0100
403 3991 533 4071 occardo
549 3991 607 4056 600
624 3995 752 4056 006000
775 3994 892 4056 (10110101
906 3997 1015 4075 potest,
1039 3997 1070 4056 et
1090 3996 1123 4055 ut
1142 3987 1239 4073 poetae

191 4096 248 4159 hoc
260 4096 326 4160 loco
339 4098 467 4161 006000
479 4098 595 4163 dobere
607 4101 778 4177 tribuimus,
801 4103 843 4166 sic
855 4102 886 4163 in
900 4102 1004 4165 satirae
1020 4101 1145 4164 alterius
1155 4120 1184 4165 v.
1197 4102 1239 4165 39
