2686 4596
455 271 498 323 ue
517 240 666 338 pascuum
686 269 868 339 copulatius.
1153 274 1193 338 87

134 479 239 542 inesse
263 476 391 540 ridetur.
441 474 557 538 HIatus
581 473 659 537 enim
684 479 843 554 pauniaca
864 476 910 558 ia,
945 492 1129 560 quamquam
1162 473 1194 538 in

139 585 232 649 satira
267 600 346 647 nona
367 582 398 644 in
432 581 514 645 exitu
536 599 640 644 versus
666 585 725 648 118
748 587 816 646 tanc
837 583 893 666 aas,
912 587 993 659 (ante
1016 581 1048 660 lc)
1071 582 1193 664 legitur,

136 691 395 756 insolentissimus
431 690 487 761 est,
510 693 556 771 &i
578 688 737 753 Iuvenalis
769 691 859 754 modo
892 690 924 753 in
958 708 1073 753 caesura
1101 690 1194 771 atque

141 799 267 862 alterius
291 815 397 862 versus
420 795 505 876 pedis
528 794 596 869 arsi,
620 794 752 859 illoloco
775 799 907 877 excepte,
930 796 1028 859 hiatui
1050 795 1188 860 indulsit.

138 903 222 969 urea
244 909 348 969 tamen
370 905 480 985 potest,
503 904 537 964 ut
560 905 657 982 poeta,
682 903 733 983 qui
746 902 861 967 Graecis
874 904 979 967 formis
995 903 1059 966 inc
1082 890 1193 968 exeun·

139 1013 225 1077 tibus
248 1011 351 1075 crebro
374 1012 489 1087 utatur,
511 1008 654 1072 Leucate
677 1009 832 1093 scripserit
855 1010 952 1092 (Virg.
970 1012 1047 1074 Aen.
1060 1010 1117 1085 ΠΙ,
1131 1014 1194 1075 274

137 1119 294 1183 Leucata
301 1138 312 1196 ;
335 1117 422 1191 VIII,
436 1114 695 1193 caraecarae),
719 1136 787 1198 quae
803 1118 953 1198 scriptura
974 1117 1006 1180 in
1022 1117 1192 1181 unrocodiee
1295 1170 1298 1193 s

139 1209 291 1307 reperitur
314 1225 364 1306 (ia
385 1222 549 1305 Leucate).
593 1223 640 1286 De
673 1223 772 1304 quinti
807 1242 911 1287 versus
941 1226 1073 1306 spondeo
1102 1224 1192 1289 metri

141 1332 291 1396 rationem
322 1333 489 1395 tractantes
517 1330 656 1394 diximus.
701 1330 807 1404 Verbo,
843 1330 932 1412 quale
966 1333 1013 1394 est
1046 1330 1191 1408 abstulit,

139 1439 294 1503 ablativus
318 1439 383 1502 sine
405 1438 616 1518 praepositione
639 1437 709 1499 addi
735 1437 821 1511 solat,
845 1438 1049 1520 quamobrem,
1073 1442 1108 1502 ut
1123 1439 1192 1515 dixi,

140 1549 232 1629 poeta
255 1546 387 1609 fortasse
410 1563 507 1626 neque
529 1564 596 1607 aaa
618 1562 715 1625 neque
731 1544 774 1606 ia
796 1563 893 1625 neque
916 1564 973 1608 aec
996 1546 1117 1628 scripsit
1139 1548 1192 1610 sed

139 1657 301 1734 pacatam
323 1652 472 1725 Leucate,
496 1655 664 1732 pacatam.

227 1760 390 1842 Expositis,
414 1779 482 1841 quae
498 1761 533 1828 de
550 1759 723 1838 copulativa
740 1759 889 1840 jungendi
911 1761 1028 1824 ratione
1051 1764 1082 1824 et
1104 1781 1191 1844 asyn-

140 1869 204 1931 deti
228 1870 317 1949 atque
340 1868 500 1948 anaphoras
522 1885 581 1929 usu
603 1865 702 1929 dicere
721 1866 948 1945 const‘tueram
971 1869 1054 1933 locos
1076 1869 1192 1951 aliquot

141 1975 335 2066 subjungam,
360 1974 412 2055 qui
434 1961 488 2036 a'ut
510 1974 547 2036 ab
569 1973 622 2036 illo
645 1976 742 2054 poetae
763 1972 905 2054 loquendi
921 1994 986 2049 usu,
1006 1978 1190 2056 quemtrac·

53 2142 63 2159 ‚
140 2082 274 2146 terimus
297 2081 447 2145 declinare
470 2080 618 2157 videntur,
642 2080 957 2145 autobdiificiliorem
970 2084 1189 2158 sententiarum

133 2190 324 2271 juncturam,
348 2189 398 2270 qui
422 2192 706 2263 commemorentur,
730 2188 815 2269 digni
839 2190 918 2252 sunt.

229 2297 264 2358 ln
287 2295 382 2359 satira
405 2294 623 2375 deeimapoeta
645 2293 951 2359 notaSolonisrerba
966 2297 1056 2377 γνῶθι
1069 2299 1188 2357 σεαυτόν

140 2403 268 2466 laudans
291 2407 322 2466 et
344 2401 488 2483 exemplis
510 2419 688 2483 magnorum
712 2405 821 2466 ducum
846 2421 881 2465 ac
910 2421 1026 2484 regum,
1061 2406 1190 2467 mortem

139 2509 247 2582 solam,
287 2528 378 2590 quam
400 2508 484 2590 parri
506 2509 644 2572 homines
668 2509 746 2587 sint,
781 2509 885 2571 docere
909 2509 1117 2574 demonstrans
1141 2511 1188 2574 his

140 2616 241 2680 verbis
263 2616 392 2679 Xerxem
415 2616 530 2696 profert
553 2624 583 2689 (a
605 2635 632 2677 v.
660 2618 745 2690 173):

184 2849 189 2857 ⁴
808 2765 962 2830 Creditur
985 2765 1063 2829 alini

191 2873 376 2959 Velificatas
397 2874 502 2938 Atlans
525 2878 556 2938 et
578 2873 740 2954 quidquid
764 2873 894 2938 Gracia
915 2873 1055 2938 mendac

184 2982 293 3046 Audet
314 2985 350 3045 ia
373 2982 521 3056 historia,
545 2984 746 3044 constratam
769 2979 928 3044 classibus
950 2980 1053 3044 isdera

185 3087 459 3170 Suppositaniqae
481 3089 564 3151 rotis
585 3087 727 3151 solidani
749 3109 856 3166 niara·
880 3088 1039 3152 crcdiraae
1062 3087 1148 3153 altos

134 3245 139 3256 ,
183 3196 350 3280 Defecisse
372 3215 483 3259 amnes
505 3200 662 3276 epotaque
676 3195 822 3278 flamina
843 3195 941 3258 Meda

185 3304 382 3383 Prandente,
406 3307 436 3368 ct
457 3303 600 3367 madidis
623 3305 736 3366 coarat
758 3323 829 3384 pace
852 3302 1024 3366 Sostratae
1047 3302 1121 3366 alis.

142 3476 313 3538 Pronomen
336 3473 438 3537 isdcra
460 3474 498 3537 ad
521 3472 715 3557 caldicotam
733 3473 887 3535 Athonem
909 3471 1100 3534 referendum
1125 3490 1190 3536 esse

142 3584 235 3663 patet,
272 3600 367 3663 neque
391 3581 482 3645 verba
504 3580 598 3644 ullam
628 3579 840 3643 difficultatem
871 3578 994 3657 habent,
1028 3579 1081 3642 sed
1104 3597 1190 3660 osyn·

141 3691 229 3753 daton
253 3674 338 3752 tertii
350 3688 494 3752 membri:
518 3690 720 3762 constratam
743 3685 904 3750 classibus
925 3684 1028 3748 isdem
1049 3705 1119 3769 sqq.
1142 3685 1190 3760 iis,

141 3797 267 3878 quade
291 3795 428 3876 asyrrdeti
452 3813 508 3858 usu
531 3793 672 3871 diximus,
696 3796 855 3874 repugnat,
880 3795 911 3856 et
932 3793 1120 3872 interruptus
1143 3794 1191 3855 est

140 3922 243 3966 rerum
265 3903 343 3966 ordo.
387 3903 555 3982 Postquam
590 3899 671 3963 enim
704 3903 793 3981 poeta
825 3900 963 3964 homines
995 3899 1190 3982 aedificatam
1309 3959 1314 3967 ,

140 4011 301 4074 Aiioaera
324 4007 537 4088 etquidqaid
559 4006 688 4071 Gracia
709 4007 850 4071 mendac
861 4006 970 4071 Audet
990 4007 1029 4070 ia
1050 4005 1190 4068 historia

139 4136 193 4200 pro
215 4136 284 4182 vero
307 4117 442 4198 accipere
474 4114 556 4189 dixit,
591 4133 626 4178 ex
660 4114 724 4178 eius
757 4115 902 4196 loquendi
936 4132 994 4177 usu
1027 4114 1080 4176 aut
1113 4110 1190 4175 nihil
