2694 4582
449 284 491 337 De
510 283 658 352 particulis
678 283 854 351 copulativis.
1124 288 1163 351 71

114 508 174 554 uon
197 489 336 566 reticebo,
353 525 360 535 ·
379 466 470 554 verba
493 492 523 551 et
544 487 636 562 bunc,
670 489 749 569 quod
771 487 965 552 Heinrichius
986 493 1085 570 negat,
1118 489 1160 552 ita

116 596 271 662 Socratem
294 597 436 660 inducere
466 614 563 677 posse,
596 599 631 658 ut
663 614 759 677 neque
791 594 1000 678 grammaticae
1021 595 1154 660 rationes

117 705 451 786 perturbentur,neque
473 722 578 767 uersus
600 702 758 767 nonnullos
781 702 925 766 excidisse
949 705 1082 766 statuere
1104 723 1158 767 ne-

117 830 201 876 cesse
224 811 274 875 sit.
322 810 492 874 Pronomiui
523 811 613 885 enim,
643 812 723 893 quod
754 815 801 872 est
822 809 883 888 bc'e,
917 809 968 872 ubi
991 811 1022 872 in
1044 829 1159 874 caesura

31 914 39 927 '
117 919 219 984 celin
242 937 346 982 versus
369 918 455 982 initio
483 918 591 997 (rarius
613 918 643 981 in
666 918 727 981 arsi
749 917 933 998 reliquorum
955 917 1080 998 pedum)
1105 938 1159 999 po·

117 1028 210 1107 nitur,
230 1027 340 1090 eadem
362 1025 543 1106 sIgnificetio
566 1031 657 1106 atque
680 1043 724 1101 ea,
758 1042 848 1106 quem
877 1025 1059 1106 adjectivum
1081 1025 1160 1090 tolie

120 1134 284 1216 exprimere
308 1134 393 1207 solet,
428 1134 505 1213 apud
529 1132 707 1198 Iuvenalem
732 1131 833 1196 crebro
855 1132 1022 1214 subjicitur,
1053 1133 1105 1214 qni
1133 1134 1161 1197 ci

117 1242 304 1324 adjectivum
327 1239 437 1320 qualis
459 1258 577 1322 quoque
607 1240 779 1322 subjungit:
824 1239 897 1319 XV,
913 1243 954 1306 65
975 1239 1044 1302 Nec
1077 1239 1161 1305 Irene

120 1347 271 1429 lapidem,
295 1347 407 1435 quoles
429 1351 459 1411 et
474 1348 603 1410 Terrena
627 1351 656 1410 et
678 1347 786 1424 Atcr·;
808 1347 876 1421 VII,
889 1350 929 1412 56
951 1346 1060 1419 Hunc,
1084 1369 1161 1428 qua-

120 1455 181 1521 tem
202 1475 322 1536 nequeo
345 1459 527 1519 monastrare
550 1459 580 1518 et
600 1456 704 1518 sentio
718 1458 844 1517 tanturn
856 1454 921 1535 (cfr.
934 1455 1006 1518 Hor.
1019 1454 1082 1519 Sat.
1095 1457 1119 1533 Ι,
1132 1461 1161 1531 6,

120 1566 176 1636 89;
198 1563 294 1645 Epist.
318 1563 357 1637 ΙΙ,
381 1566 409 1639 9,
437 1566 502 1635 rer:
532 1567 561 1625 ct
583 1562 667 1626 benc
690 1563 793 1627 (talem
817 1564 926 1638 virum)
948 1582 1004 1625 oos
1026 1563 1162 1628 Attene

118 1668 260 1742 vidistit,
294 1688 359 1750 quae
392 1670 448 1733 toci
483 1671 631 1734 enarratio
665 1690 699 1734 ea
729 1671 765 1733 de
795 1689 897 1733 caussa
927 1670 1028 1733 minus
1052 1671 1159 1752 placet,

84 1812 90 1839 ·.
120 1779 188 1860 quin
212 1782 302 1859 poete
323 1777 366 1840 sio
378 1774 531 1840 Socratem
555 1778 721 1859 adjungens
738 1797 772 1840 ex
792 1796 846 1841 suo
860 1779 958 1859 magis
974 1798 1064 1860 quam
1078 1780 1161 1844 illius

115 1885 232 1967 judicio
256 1886 406 1973 cathedre.
431 1904 499 1947 euin
521 1885 704 1965 poenItuisse
727 1885 811 1948 dixit.

206 2016 242 2078 In
265 2014 357 2078 satira
381 2014 495 2077 decime
520 2015 634 2095 quinta.
659 2015 708 2076 nbi
730 2034 744 2076 a
760 2033 785 2077 v.
803 2017 838 2078 19
855 2016 920 2078 baec
943 2015 1054 2098 scripta
1076 2021 1160 2081 sunt:

206 2191 295 2253 Nunc
316 2191 412 2253 citios
435 2188 578 2270 Scyllam
599 2189 648 2252 oet
670 2191 895 2253 concurrentia
917 2210 1003 2253 socc

208 2297 341 2379 Cyanee
356 2296 473 2376 plenos
496 2301 525 2360 et
547 2298 788 2377 tempestatibus
809 2302 898 2362 utres

209 2404 407 2470 Crediderim
430 2409 488 2468 nect
511 2407 600 2468 tecet
615 2425 807 2485 percussere
829 2406 955 2469 cerbere
981 2405 1090 2470 Circes

204 2511 249 2574 Et
271 2533 341 2575 eccon
363 2513 538 2594 remtpibcc
558 2514 733 2595 proconisso
755 2512 923 2592 Eipoenorc
939 2516 1060 2594 porcis.

118 2718 178 2782 quo
201 2699 268 2763 loco
290 2700 327 2762 ed
346 2701 520 2781 juncturam
546 2718 651 2763 uocum
679 2698 854 2780 cornicibus
870 2700 983 2779 porcis
1005 2703 1161 2764 attenden-

120 2807 194 2870 dum
216 2809 272 2882 est,
306 2805 351 2868 Et
372 2826 425 2888 pro
455 2808 552 2870 etiam
578 2807 708 2887 positum
738 2825 804 2870 esse
833 2806 960 2870 ridetur.
1003 2808 1161 2873 Iuvenalis

117 2914 201 2977 enim
224 2913 321 2977 eidem
344 2915 432 2978 verbo
455 2915 568 2995 passivi
590 2918 620 2977 et
643 2914 733 2978 activi
755 2914 940 2977 infinitivum
953 2919 1019 2990 (nec
1031 2914 1160 2978 activam

119 3026 151 3086 et
162 3022 314 3103 passivam
327 3021 521 3101 sententiam)
534 3022 640 3085 addere
665 3041 722 3084 non
745 3023 832 3101 solet,
856 3025 885 3084 et
908 3022 1161 3102 quemadmodum

95 3129 274 3212 particulae
307 3132 337 3192 et
365 3129 395 3191 iu
417 3129 505 3192 initio
527 3148 630 3192 versus
653 3129 760 3208 positae
784 3128 880 3191 maios
903 3129 1019 3210 pondus
1041 3129 1090 3192 hic
1113 3133 1160 3194 at-

118 3236 271 3312 tribuitur,
294 3236 337 3298 sic
360 3237 463 3298 eedem
477 3236 694 3318 significatione
708 3237 810 3299 eodem
823 3237 911 3299 modo
924 3237 946 3312 I,
963 3240 1011 3312 15,
1024 3236 1074 3312 VI,
1089 3242 1159 3313 615,

118 3343 187 3415 VII,
210 3346 281 3419 939,
304 3343 390 3418 XIII,
418 3346 484 3419 191,
507 3342 588 3417 XIV,
621 3345 688 3417 119,
720 3346 787 3416 177,
810 3343 875 3415 XV,
912 3347 971 3409 103
993 3344 1090 3425 posita
1112 3345 1160 3408 in-

118 3452 278 3530 veniturlt,
302 3455 332 3514 et
354 3453 443 3531 poete
465 3451 593 3527 omnino,
628 3450 680 3513 ubi
705 3450 775 3512 huic
797 3451 953 3531 particulae
976 3453 1159 3533 singularem

55 3639 57 3643 Ι
118 3559 182 3622 rim
204 3558 297 3633 addit,
321 3576 385 3621 eam
409 3557 453 3620 sio
474 3576 583 3638 ponere
606 3563 696 3634 annet,
720 3561 755 3620 ut
775 3557 808 3620 in
831 3557 923 3620 satira
946 3559 1085 3633 secunde,
1108 3559 1158 3622 ubi

115 3684 143 3729 a.
168 3685 193 3727 v.
223 3668 281 3730 104
303 3665 336 3728 hi
358 3683 462 3728 versus
484 3665 643 3746 leguntur:

144 3990 164 4054 ¹)
184 3988 273 4041 Multo
302 3987 406 4054 saepius
431 3987 515 4040 verbo
544 3986 669 4054 proxime
698 3985 888 4052 subjungitur:
915 3985 950 4051 ΙΙ,
971 3988 1029 4048 115,
1049 3985 1098 4051 ΙΙΙ,
1118 3987 1157 4050 99,

186 4075 244 4137 111,
263 4071 310 4134 IV,
329 4073 372 4135 34,
392 4073 433 4134 81,
460 4071 492 4136 V,
510 4073 553 4128 71,
583 4070 628 4135 VI,
649 4073 686 4130 15,
705 4073 763 4134 937,
782 4073 840 4134 559,
860 4073 918 4134 516,
936 4073 995 4135 641,
1022 4069 1097 4135 VIII,
1116 4070 1159 4133 89,

187 4160 244 4223 111,
264 4157 321 4221 163,
341 4155 386 4215 IX,
408 4157 446 4216 19,
465 4157 506 4221 39,
525 4155 587 4221 XII,
606 4156 646 4217 99,
665 4157 714 4221 ro,
724 4154 799 4220 XIII,
822 4158 877 4221 117,
898 4158 954 4210 151.
