2694 4582
438 293 479 344 lle
499 293 647 359 particulis
666 293 844 359 copulativis.
949 250 988 375 Ι,
1114 297 1157 358 75

68 479 72 487 ’
114 495 174 559 Hic
197 501 278 560 certe
300 496 409 560 ultima
428 497 578 559 sententia
591 514 644 577 per
659 497 824 577 asyndeton
846 497 944 577 posita
966 496 1082 560 duabus
1105 514 1155 561 co·

115 603 248 684 pulative
266 604 382 685 junctis
405 603 562 667 sententiis
585 602 715 680 additur,
738 605 789 694 sed
813 622 904 684 quum
928 603 1012 666 verbi
1035 605 1155 686 tempus

116 711 200 773 nulla
222 710 440 792 significatione
463 710 543 773 facta
565 710 729 774 insolenter
750 715 884 774 mutetur
907 708 1005 791 (sedet
1027 713 1057 772 ct
1077 713 1155 773 ster-

113 818 206 882 nitur
228 821 257 881 et
272 807 444 892 dabuntur,
466 819 590 894 ueniet),
614 819 744 881 adducor
766 822 800 881 nt
822 817 951 892 credam,
973 819 1155 886 iuvenalem

64 988 71 1007 ⁴
115 943 174 989 non
197 929 227 989 ct
248 927 315 988 ritu
338 905 391 988 sed
414 945 452 989 ccc
474 927 542 988 ritu
564 925 728 1007 scripsisse,
762 944 832 988 nam
865 926 912 987 lrae
947 941 1034 987 voces
1064 925 1154 987 facile

113 1035 332 1114 permutantur,
367 1037 397 1096 et
430 1034 638 1115 prepositione
672 1033 814 1096 restituta
843 1032 944 1094 omnia
965 1036 1047 1094 recta
1070 1037 1153 1095 sumt:

109 1140 252 1222 junctura
275 1140 446 1221 copulativa
467 1142 498 1203 in
520 1141 685 1221 asyndeton
715 1140 832 1214 transit,
868 1158 956 1221 quem
991 1139 1153 1203 transitum

112 1247 144 1309 in
166 1251 293 1328 quatuor
315 1248 516 1310 membrorum
544 1249 685 1330 junctura
715 1247 825 1327 saepius
852 1267 866 1309 a
891 1247 1039 1310 Juvenale
1068 1246 1153 1309 adhi-

110 1352 210 1416 bitum
233 1373 298 1418 esse
320 1355 486 1431 docuimus,
509 1360 597 1435 atque
620 1354 702 1417 verbi
724 1353 1023 1434 temporis‘mutatio
1045 1373 1063 1416 a
1084 1373 1152 1416 mu-

112 1461 227 1525 tatione
255 1463 405 1544 junoturao
438 1463 545 1544 incipit
567 1462 670 1541 (sedet
703 1465 733 1524 et
764 1461 942 1523 sternitur:
979 1459 1152 1537 debeatur,

111 1569 239 1644 ueniet).
262 1548 264 1555 Α
286 1569 316 1632 ai
350 1571 415 1633 haec
448 1570 616 1633 emendatio
650 1570 742 1650 accipi
776 1573 883 1649 potest,
919 1570 1151 1651 regulandam

112 1677 275 1757 posuimus,
299 1680 425 1743 constat.
458 1696 524 1740 nam
554 1678 583 1739 in
608 1677 701 1740 satira
724 1681 815 1752 serta,
839 1676 890 1738 ubi
913 1677 978 1739 haec
999 1695 1017 1739 a
1039 1696 1066 1742 v.
1093 1680 1152 1741 144

112 1784 225 1863 scripta
248 1787 331 1846 scint:

178 1936 255 1999 Tres
277 1956 367 2017 rupee
388 1937 524 1999 subcunt
546 1941 575 1999 et
597 1955 630 2000 sc
652 1938 735 2000 cutis
758 1936 855 1999 crida
879 1935 973 2015 iuuet,

175 2043 279 2107 Fiunt
301 2045 428 2107 obscuri
451 2045 560 2108 dentes
582 2044 728 2125 oculique
749 2045 898 2107 minores
955 2108 961 2119 ,

111 2214 170 2276 duo
198 2215 415 2277 sententiarum
444 2214 614 2295 complexus
642 2215 705 2277 sine
739 2214 845 2295 copula
872 2215 973 2297 juncti
1007 2217 1086 2289 sunt,
1120 2219 1151 2276 et

109 2321 199 2385 verba
222 2325 251 2384 ct
272 2341 306 2384 se
328 2322 411 2384 cutia
433 2321 530 2384 uridu
553 2321 647 2398 tonet,
678 2341 743 2402 quae
766 2324 891 2386 eandem
913 2322 975 2385 fere
998 2323 1149 2386 notionem

109 2428 263 2492 continent
284 2432 373 2509 atque
389 2447 476 2492 voces
498 2416 686 2510 praegressae:
721 2429 798 2492 Tres
820 2449 910 2510 ruyce
931 2430 1078 2506 subeunt,
1102 2430 1150 2493 his

110 2536 215 2598 eodem
250 2537 338 2599 modo
371 2537 511 2616 adjuncta
545 2539 622 2608 sunt,
660 2555 717 2617 quo
750 2537 782 2599 in
815 2556 902 2600 versu
935 2538 1030 2600 altero
1064 2556 1149 2600 voces

110 2641 257 2722 oculique
278 2644 419 2706 rninorcs
440 2643 678 2724 praecedentibus
701 2644 811 2706 additae
834 2648 912 2706 sunt.
969 2643 1149 2723 Bipartitam

107 2749 199 2812 talem
222 2751 366 2814 orationis
394 2751 635 2814 distributionem
657 2751 815 2815 iuvenalis
843 2755 933 2826 amat,
968 2754 998 2814 et
1021 2752 1148 2815 conferri

109 2859 212 2949 potest
230 2857 323 2934 locus,
346 2858 448 2939 quiin
471 2854 649 2920 satiraXlll
665 2875 721 2920 av.
736 2861 773 2922 67
799 2858 842 2920 sic
865 2859 995 2939 scriptus
1018 2863 1078 2922 est:

172 3008 348 3084 Sollicitus
372 3012 537 3089 turnqrrurn
560 3009 685 3088 lapidea
708 3009 854 3090 effuderit
875 3012 984 3085 irnber,

170 3115 378 3196 Exornantque
400 3118 512 3208 upiurn
534 3116 632 3198 tonyu
655 3117 832 3181 consederit
853 3139 918 3182 uou
980 3102 981 3105 Ἴ
1084 3106 1086 3110 ’

175 3222 321 3299 Ontrninc
343 3223 475 3296 delubri,
501 3228 665 3305 tuncquurn
686 3227 723 3288 in
745 3246 834 3288 rnurc
848 3226 986 3307 fluxerit
1008 3229 1115 3290 uncnis

176 3330 369 3411 Gurpitibus
391 3333 484 3394 nitria
507 3335 543 3411 ct,
559 3331 654 3395 luctis
675 3334 793 3396 cortice
816 3338 950 3397 terrena.

108 3500 271 3565 Docuimns
303 3489 406 3583 igitur,
441 3505 472 3565 et
504 3502 669 3582 asyndeton
696 3503 728 3564 in
751 3503 951 3584 copulativam
969 3505 1147 3593 juncturam

109 3610 140 3670 et
162 3609 365 3689 copulativam
383 3597 558 3690 juncturam
580 3609 609 3671 in
635 3611 801 3690 asyndeton
825 3615 907 3674 certa
928 3611 995 3693 lege
1017 3612 1146 3674 transire

107 3732 203 3795 posse,
227 3716 419 3796 quamobrem
443 3717 569 3797 quaestio
592 3717 728 3787 occurrit,
758 3737 830 3780 num
855 3721 980 3799 utraque
999 3718 1147 3799 jungendi

107 3823 183 3885 ratio
212 3823 398 3886 commisceri
426 3823 528 3903 possit.
577 3824 734 3888 Junctnrae
768 3826 946 3906 copulativae
981 3825 1147 3906 asyndeton

107 3931 185 4010 apud
215 3929 394 3993 Juvenalem
430 3949 576 4011 nusquam
610 3932 808 4010 interseritur,
844 3936 905 3997 tres
940 3938 1039 3997 autem
1076 3937 1147 3996 sunt

106 4036 173 4115 loci,
208 4036 315 4117 quibus
344 4037 501 4102 iuvenalis
535 4039 620 4102 alteri
658 4039 766 4103 rationi
799 4041 961 4104 indulsisse
997 4041 1144 4104 videatur.

106 4144 142 4206 In
177 4145 270 4208 satira
302 4145 380 4208 enim
404 4145 469 4220 XV,
502 4162 560 4240 quo
593 4146 656 4209 loco
689 4165 790 4227 pugna
822 4148 900 4210 inter
928 4147 1041 4211 incolas
1071 4147 1145 4209 Om-
1185 4170 1204 4217 ·,
