2694 4582
356 279 397 332 De
419 279 603 346 congruentia
622 278 742 346 subjecti
762 283 792 331 et
809 278 968 345 praedicati.
1132 280 1190 343 189
1224 245 1227 247 Δ

142 482 270 545 formam
294 500 352 546 non
381 481 483 544 minus
505 481 686 544 insolentem
707 481 835 561 praebet,
859 499 939 555 nam,
961 481 1014 544 ubi
1036 481 1095 542 duo
1117 479 1191 544 talia

143 590 282 671 subjecta
299 589 409 671 juncta
437 590 525 661 sunt,
558 587 683 651 verbum
716 587 842 675 reliquia
864 587 1003 652 omnibus
1035 586 1110 650 locis
1138 587 1192 654 aut

143 696 292 778 singulari
326 713 453 758 numero
486 695 620 776 positum
653 694 691 757 iis
724 694 935 775 praemittitur:
969 693 1021 767 II,
1051 696 1093 758 45
1127 693 1193 757 aea

142 802 387 886 illasDeseudr't
402 821 558 866 uumerus
574 802 762 883 juuetaque
775 785 911 864 umssbaue
926 801 1113 882 pbalauqes
1136 799 1189 863 etr.

143 910 198 986 XI,
225 914 294 986 124,
318 911 393 984 Vll,
422 914 498 990 tau,
521 909 570 973 vel
591 909 622 973 in
639 928 671 970 er
694 909 778 989 prius
801 911 833 971 et
854 909 1038 989 particulam
1067 907 1189 989 copula-

142 1018 236 1081 tivam
260 1017 476 1098 interponitur:
511 1017 556 1090 ll,
594 1020 653 1082 153
679 1014 801 1079 Curius
824 1015 904 1094 quid
924 1016 1024 1102 scutit
1045 1018 1076 1078 et
1098 1015 1189 1077 ambo

142 1123 322 1204 Subducta,
357 1126 410 1186 aut
445 1123 553 1204 plurali
587 1142 710 1186 numero
738 1123 777 1186 iis
806 1124 1013 1204 postponitur:
1047 1123 1093 1196 X,
1127 1125 1190 1187 276

142 1231 292 1294 Eritium
315 1234 345 1294 et
367 1249 480 1294 career
502 1229 819 1310 Minturnarumque
840 1229 983 1310 paludes
1004 1229 1095 1292 Ha'uc
1117 1248 1190 1291 aau-

143 1358 205 1402 sas
234 1338 391 1418 habuere,
428 1337 640 1422 quamobrem,
674 1357 767 1418 quum
801 1338 956 1411 librarios,
991 1337 1043 1400 ubi
1065 1336 1190 1400 verbum

143 1447 313 1520 sententiae,
336 1448 373 1508 ut
384 1446 444 1509 hoo.
464 1446 531 1507 loeo
556 1444 680 1524 (parua
702 1445 853 1507 sa'uebaut
876 1447 959 1507 tecta
982 1443 1099 1526 labor),
1122 1445 1191 1506 ante
1283 1475 1287 1483 ι
1325 1435 1332 1445 “

143 1552 293 1634 pluralem
306 1551 491 1615 substantivi
504 1569 663 1614 numerum
679 1551 813 1632 positum
836 1555 892 1627 est,
916 1551 1100 1633 singularem
1126 1549 1191 1613 eius

146 1678 308 1736 numerum
330 1660 361 1722 in
383 1657 531 1739 pluralem
554 1659 657 1720 crebro
679 1662 797 1721 mutare
825 1659 985 1722 notissima
1007 1676 1055 1720 res
1077 1658 1127 1732 sit,
1146 1660 1192 1734 ,ot

144 1767 262 1830 codices
284 1765 422 1830 nonnulli
445 1765 573 1828 cluebat
595 1766 740 1841 habeant,
763 1765 811 1828 his
834 1765 1102 1846 obtemperandum
1125 1780 1191 1844 esse

144 1891 265 1949 censeo,
307 1892 364 1954 qua
405 1873 555 1952 scriptura
596 1873 737 1935 restituta
775 1877 867 1936 'certa
899 1872 1018 1936 numeri
1060 1869 1192 1953 ponendi

143 1980 249 2061 regula
277 1981 408 2043 exstabit
419 1981 453 2062 ¹).
500 1978 556 2042 Ubi
587 1979 718 2060 pluralis
752 1980 895 2062 adjectivi
928 1981 1087 2060 utriusque
1111 1996 1193 2054 com-

142 2080 242 2150 munis
276 2105 420 2150 numerus
455 2087 608 2148 antecedit
640 2086 715 2166 (tale
738 2087 922 2167 adjectivum
947 2085 1093 2168 subjectis
1116 2103 1191 2166 prae·

144 2194 251 2256 cedens
276 2195 337 2272 jam
361 2193 509 2275 singulari
532 2194 599 2274 jam
621 2193 731 2274 plurali
761 2212 886 2257 numero
921 2195 1074 2268 oil'erturl,
1108 2189 1192 2255 verbi
1257 2194 1258 2197 ’

144 2299 269 2380 pluralis
292 2290 440 2364 uumerus
457 2302 511 2362 aut
541 2300 723 2362 sententiam
754 2301 869 2370 claudit
898 2305 951 2364 aut
979 2299 1124 2382 subjectis
1146 2297 1192 2360 ita

88 2438 92 2439 ν
144 2401 353 2487 anteponitur,
376 2412 411 2469 ut
434 2407 617 2487 adjectivum
640 2407 666 2469 ei
690 2407 912 2487 praemittatur:
946 2409 989 2480 V,
1023 2411 1064 2472 36
1089 2403 1193 2487 Quale
1302 2402 1307 2413 '

145 2515 294 2576 earauata'
319 2513 467 2577 Thrasea
490 2512 731 2592 Helueda'usque
753 2514 910 2586 bibebam,
933 2515 989 2588 III,
1014 2515 1074 2579 307
1102 2513 1193 2575 Tuta
1264 2498 1270 2509 ⁶

148 2621 278 2684 custode
300 2625 452 2685 teueutur
474 2620 520 2683 Et
534 2617 681 2684 Pautma
699 2621 800 2701 palus
823 2625 853 2684 et
868 2620 1062 2685 Gallinaria
1077 2621 1192 2700 pluas,

53 2753 56 2757 ·
146 2727 222 2799 XV,
260 2730 321 2794 130
343 2728 449 2791 Pares
476 2733 555 2791 suut
577 2778 584 2790 .
610 2779 616 2791 .
639 2730 693 2792 a'ra
716 2733 814 2809 atque
833 2728 939 2809 sames
961 2729 1026 2799 (cfr.
1050 2727 1107 2807 ΙΙΙ,
1133 2729 1190 2792 177

87 2831 89 2833 ’
149 2833 347 2914 Similesque
379 2836 503 2898 audebis
529 2834 735 2900 Orchestram
768 2840 798 2899 et
821 2835 1013 2917 papulum),
1048 2835 1101 2897 sed
1133 2851 1193 2895 uno

977 3012 1179 3022 ,ιβ-...-

173 3117 193 3181 ¹)
211 3116 326 3170 Persius
344 3116 375 3169 in
395 3117 490 3169 satirae
518 3118 559 3168 III
583 3133 607 3168 v.
630 3119 659 3171 ll
679 3117 756 3169 verbi
785 3117 955 3183 singularem
981 3129 1125 3168 numerum
1143 3127 1192 3179 po-

160 3260 162 3265 ,
213 3201 328 3254 steriori
356 3201 478 3253 membro
506 3200 602 3253 durius
621 3201 802 3254 interseruit:
821 3201 897 3265 Inque
913 3219 998 3250 manus
1016 3200 1105 3249 clarroe
1122 3197 1192 3246 nada-

212 3303 288 3349 saque
317 3287 379 3334 venit
405 3285 512 3349 aruad03
543 3285 619 3350 Virg.
647 3285 676 3336 in
694 3286 763 3336 Aen·
781 3284 833 3350 IV,
860 3287 907 3340 651
928 3286 994 3335 Dum
1014 3287 1075 3348 sata
1093 3283 1194 3346 deusque

211 3369 306 3418 sinebat
325 3368 408 3434 dixit,
439 3374 467 3420 et
489 3369 537 3420 hic
561 3375 649 3435 pocta
667 3369 780 3422 verbum
806 3368 841 3420 ad
859 3368 1016 3435 proximum
1035 3366 1193 3433 subjectum

211 3453 269 3503 lere
289 3451 394 3517 ubique
414 3452 617 3508 accommodat.
655 3452 772 3505 Ovidius
792 3452 883 3505 simile
894 3452 1053 3519 exemplum
1070 3449 1193 3518 praebet:

214 3535 330 3588 Metam.
347 3534 386 3602 V,
405 3539 454 3591 563
479 3537 586 3602 Virginei
601 3538 679 3587 vultus
698 3546 719 3586 et
738 3554 781 3585 aaa
800 3536 904 3586 bumana
921 3537 1058 3602 remansit,
1076 3540 1117 3599 et,
1145 3532 1194 3586 ubi

215 3619 348 3686 subjecta
374 3621 515 3686 particula
543 3620 686 3688 geminata
713 3638 758 3685 que
776 3649 805 3658 -
826 3638 869 3684 que
885 3620 986 3686 juncta
1004 3625 1081 3685 sunt,
1100 3618 1193 3684 plura-

213 3704 268 3755 lem
294 3703 373 3756 verbi
400 3719 546 3757 numerum
574 3704 610 3756 iis
639 3709 811 3770 anteponere
839 3703 927 3756 solet:
946 3705 1015 3758 Met.
1039 3703 1115 3770 VIII,
1143 3703 1194 3757 526

213 3787 302 3838 Siaunt
319 3797 453 3853 tempusque
467 3789 588 3853 pudorque
607 3788 657 3840 cfr.
679 3790 742 3853 521,
766 3789 828 3851 7933
856 3788 914 3850 sed,
933 3788 957 3842 si
984 3788 1097 3840 verbnm
1115 3791 1194 3853 post·

216 3871 342 3938 ponitur,
360 3874 417 3938 jam
438 3873 574 3940 singulari
593 3875 655 3936 (eir.
665 3872 733 3924 Met.
749 3871 784 3936 II,
803 3874 863 3936 601)
877 3873 935 3940 jam
953 3873 1058 3940 plurali
1077 3884 1193 3923 numero
1259 3901 1261 3903 ·

213 3954 333 4007 effertur
355 3957 421 4021 ¹(cfr.
448 3957 515 4024 VII,
545 3958 609 4022 7163
642 3955 793 4022 Virgilius:
824 3959 961 4022 Aurumque
992 3958 1130 4021 animusque
1160 3963 1196 4004 est

214 4039 283 4091 Aen.
302 4039 363 4106 XII,
384 4042 437 4104 93).
462 4041 507 4092 'In
525 4041 595 4094 Met.
614 4039 678 4093 libr.
698 4039 724 4091 ΙΙ
741 4054 765 4091 v.
782 4039 833 4094 675
851 4040 968 4094 Ovidius
987 4041 1075 4094 idern:
1094 4039 1195 4092 Navata

211 4133 246 4173 eat
263 4124 298 4174 Et
314 4142 361 4175 aaa
379 4135 401 4174 et
416 4127 494 4185 facies
511 4123 590 4180 dixit.
