2694 4582
183 292 224 360 70
503 288 544 338 De
563 287 711 355 particulis
732 288 907 355 copulativis.

182 492 365 556 sententiam
393 491 550 554 relativam
580 485 753 555 constituat.
799 493 911 555 Versus
945 487 1130 564 nonnullos'
1146 493 1224 573 quod

184 599 379 662 Heinrichius
403 599 550 680 opinatur,
580 599 625 662 ita
647 600 800 676 excidisse,
834 602 870 663 ut
893 619 929 662 ne
952 599 1082 681 vestigia
1103 599 1223 684 quidem

182 706 389 778 remanserint,
426 724 517 785 quum
552 706 669 769 codices
693 725 796 770 omnes
825 707 1026 785 consentiant,
1059 706 1223 771 verisimile

182 832 240 876 non
264 815 317 887 est,
340 833 435 894 neque
459 832 573 888 caussa,
587 832 645 893 qua
667 818 767 877 motus
782 815 910 878 adhanc
924 809 1223 896 opinionemdelatus

182 921 231 994 sit,
253 920 371 1001 probari
393 923 503 1002 potest.
546 922 590 983 lix
613 921 711 984 verbis
734 922 814 984 enim
838 922 902 984 eius
925 921 1000 985 satis
1022 921 1129 997 elucet,
1152 941 1223 986 eum

181 1027 328 1109 particula
365 1027 537 1109 copulativa
572 1028 617 1090 ita
652 1048 762 1092 norum
803 1028 972 1110 exemplum
1010 1029 1080 1092 addi
1107 1031 1222 1110 putare,

182 1141 225 1209 ut,
250 1136 320 1216 quia
342 1154 506 1217 pronomen
528 1135 611 1198 bunc
635 1134 788 1199 Socratem
817 1155 882 1199 esse
905 1137 1013 1208 credat,
1039 1137 1094 1200 hoc
1116 1156 1223 1218 prono·

181 1261 252 1306 men
274 1263 395 1306 caesura
420 1243 449 1305 vi
471 1244 501 1305 in
525 1243 683 1306 relativum
707 1245 768 1306 iere
791 1244 954 1307 transierit.
990 1242 1048 1306 Sed
1060 1262 1222 1324 pronomen

181 1349 232 1413 ba'c
254 1355 285 1412 et
306 1351 384 1431 apud
406 1350 585 1414 Juvenalern
607 1352 673 1428 (cir.
697 1350 723 1424 I,
746 1353 800 1434 33)
829 1355 866 1441 et·
882 1352 961 1432 apud
983 1351 1096 1431 priores
1119 1353 1222 1415 eodem

181 1477 286 1521 versus
309 1458 374 1521 loco
397 1460 527 1539 positum
552 1460 589 1520 ad
618 1456 776 1539 personam
808 1459 841 1521 in
874 1460 1024 1523 sententia
1056 1479 1223 1540 praegressa

181 1570 445 1638 commemoratam
469 1565 597 1628 refertur
620 1566 684 1641 (cfr.
708 1567 780 1631 Hor.
805 1565 866 1630 Sat.
890 1568 914 1640 l,
934 1571 961 1637 6,
985 1569 1026 1631 55
1055 1565 1221 1647 Virpc'b'ua

99 1677 101 1680 ’
174 1665 359 1752 posthaec
388 1673 508 1736 Varius
530 1673 640 1736 discere
662 1674 742 1752 quid
762 1677 873 1756 essem)
898 1678 936 1749 et,
960 1675 984 1737 si
1009 1675 1220 1737 oolraerentiam

181 1780 329 1874 sermonis
362 1785 509 1852 tenemus,
544 1800 640 1861 neque
673 1782 829 1860 particula,
864 1801 930 1863 quae
965 1786 1011 1845 est
1040 1785 1078 1856 et,
1113 1800 1222 1844 norum

165 1889 350 1968 =exemplum
372 1889 450 1960 addi,
473 1907 570 1968 neque
593 1889 776 1968 pronomine,
812 1890 889 1969 quod
918 1893 965 1951 est
987 1888 1079 1963 bunc,
1114 1890 1221 1952 Socra-

181 1997 245 2058 tem
268 1995 392 2058 indicari
415 1994 578 2069 verisimile
601 1999 656 2058 est.
701 1995 855 2059 Socratem
877 1998 957 2059 enim
988 1999 1074 2078 poeta
1096 1997 1221 2074 duobus,

181 2103 231 2183 qui
255 2105 535 2176 commemorantur,
569 2103 739 2166 rhetoribus
770 2122 869 2183 parem
900 2122 1008 2185 ponere
1031 2124 1089 2167 non
1112 2105 1219 2186 potuit,

181 2229 249 2272 nam
274 2212 309 2271 ut
332 2195 464 2273 rhetores
486 2210 575 2290 ipsos,
599 2216 663 2272 arte
688 2192 796 2273 misera
818 2216 907 2292 atque
931 2213 1017 2292 inope
1040 2211 1159 2276 omissa,
1184 2213 1221 2274 ad

181 2316 275 2380 alium
308 2321 456 2397 quastum
489 2317 660 2398 confugisse
694 2318 818 2398 probare
852 2319 962 2398 possit,
997 2320 1070 2383 duos
1099 2322 1220 2399 profert,

182 2424 441 2505 Thrasymachum
463 2427 552 2505 atquo
569 2423 763 2498 Carrinatem,
788 2444 912 2506 quorum
937 2425 1012 2487 alter
1034 2426 1071 2488 ob
1092 2445 1219 2507 pauper-

182 2535 278 2594 tatem
301 2537 461 2612 urgentem
484 2535 548 2594 arte
573 2533 719 2594 rhetorica
743 2535 848 2613 sponte
871 2533 989 2596 destitit
1006 2537 1045 2607 et,
1069 2534 1094 2596 si
1107 2533 1221 2596 scholia

180 2657 249 2703 vera
272 2639 384 2712 dicunt,
409 2641 504 2703 vitam
527 2641 689 2719 suspendio
712 2639 819 2710 finivit,
843 2639 920 2702 alter
942 2640 979 2702 ob
1001 2640 1219 2721 disputationes

181 2751 284 2810 contra
307 2751 450 2828 tyrannos
473 2749 621 2811 violentas
644 2746 814 2828 aCaligula
834 2747 866 2809 in
890 2747 1012 2810 erilium
1036 2747 1149 2829 ejectus
1173 2752 1220 2810 est

182 2859 213 2917 et
235 2858 340 2936 postea
351 2856 481 2918 Romam
499 2873 636 2918 reversus
658 2858 775 2934 quaestu
792 2853 945 2930 fertiliore,
966 2855 1071 2917 Tacito
1088 2859 1218 2933 auctore,

183 2964 277 3024 vitam
301 2964 492 3026 sustentavit.
535 2961 656 3030 (Vetera
680 2961 794 3024 scholia
816 2964 936 3041 propter
959 2962 1039 3025 hunc
1061 2962 1218 3027 luvenalis

180 3076 288 3142 locum,
314 3071 409 3144 credo,
434 3089 501 3131 eum
526 3069 656 3131 Athenis
678 3087 791 3135 veneno
812 3068 936 3148 periisse
960 3069 1083 3149 dicunt).
1128 3070 1219 3131 Poeta

180 3177 274 3255 igitur
290 3183 459 3257 >utrumque
482 3197 565 3240 vanae
589 3176 758 3256 sterilisque
788 3155 936 3238 cathedrae
964 3176 1148 3256 poenituisse
1171 3176 1217 3238 di-

180 3302 245 3346 cere
268 3286 375 3364 potuit‚
409 3285 461 3348 sed
485 3282 630 3357 Socrates,
664 3284 716 3364 qui
746 3302 777 3345 se
809 3283 877 3344 vitae
901 3301 963 3344 suae
985 3301 1044 3345 non
1065 3283 1216 3363 poenitere

180 3409 232 3470 per
265 3395 362 3453 totum
397 3392 480 3454 rita·
501 3394 621 3471 tempus
654 3390 794 3466 affirmet,
837 3388 918 3452 male
956 3389 994 3452 iis
1034 3391 1215 3471 adjungitur.

179 3499 282 3560 Poetae
310 3498 496 3561 Carrinatem
532 3501 670 3579 egentem
705 3498 950 3560 commemoranti
986 3498 1096 3579 (etde
1131 3498 1217 3560 exilio

179 3605 309 3668 Athenis
332 3607 482 3668 transacto
505 3605 631 3669 fortasse
665 3605 822 3686 cogitant)
846 3605 977 3668 Socratis
1005 3623 1130 3686 quoque,
1167 3605 1218 3686 qni

170 3703 217 3791 fer,
233 3713 297 3794 ipse
320 3733 411 3794 egens
434 3713 545 3776 ibidem
568 3713 651 3791 vixit,
674 3713 705 3776 in
728 3715 859 3776 mentem
884 3713 976 3788 venit,
1005 3714 1036 3775 et
1058 3715 1218 3793 utrumque
1270 3795 1272 3799 ἢ
1329 3709 1332 3713 ’

180 3820 382 3902 complectens
405 3821 442 3884 de
466 3819 586 3883 Socrate
598 3820 835 3883 Atheniensibus
859 3820 1028 3900 exprobrat:
1054 3823 1083 3882 ct
1098 3819 1216 3901 (etiam)

179 3929 263 3991 baec
290 3927 500 4010 (Carrinatem)
524 3946 576 3989 vos
600 3929 730 3991 Athenae
751 3928 871 4009 inopem
894 3927 1021 4003 vidistis,
1055 3946 1116 4002 vos,
1151 3947 1217 4008 quae

180 4036 332 4099 Socratem
356 4054 480 4117 quoque,
504 4053 593 4117 quem
610 4036 776 4099 cicutarum
788 4035 911 4116 praemio
923 4034 1074 4110 affecistis,
1096 4034 1217 4116 inopem

176 4143 307 4206 uidistis.
361 4143 548 4224 Quamquam
581 4142 681 4206 locum
716 4142 759 4206 sic
792 4143 997 4224 accipiendum
1028 4161 1093 4206 esse
1123 4144 1217 4216 credo,
