2694 4582
177 274 240 338 226
481 269 522 322 De
542 271 705 324 notionibus
725 270 938 324 transferendis.

180 473 312 538 stantivo
359 473 443 536 eirea
490 492 544 555 pro
587 474 762 540 hominibus
806 475 905 560 posito
946 475 1122 557 adjunctum
1175 479 1233 538 est.

179 581 289 645 Rarius
313 581 482 662 exemplum
504 581 536 644 in
560 584 618 645 sat.
643 583 691 645 ΙΙΙ
712 602 740 646 v.
766 582 999 648 adinvenitur:
1028 580 1122 645 Silua
1144 602 1233 646 raea-
1300 585 1327 647 ’.

184 687 283 764 dicut,
261 688 357 751 tubi
381 687 456 752 silva
479 689 669 769 protudaeia
693 690 745 771 qui
768 689 876 754 silvam
898 690 1109 763 conduxerant
1132 689 1236 774 posita

181 799 291 872 estet
260 797 345 858 ein
367 798 424 859 sat.
437 795 576 876 xlr.r(v
589 797 657 876 23):
686 797 820 875 Furem,
836 796 989 896 perfidia,
1004 795 1157 879 fraudes,
1181 795 1231 860 iu·

180 924 279 981 auia,
308 903 392 966 notio
420 907 559 967 oonereta
588 905 743 968 notionum
768 905 990 968 abstrautarum
1011 904 1234 968 enumerationi

180 1011 363 1074 insolentius
386 1011 547 1076 interserta
569 1015 626 1074 est.

100 1203 110 1212 .
266 1117 528 1195 Quemadmodum
551 1119 680 1200 denique
715 1135 823 1182 nomen
851 1117 899 1181 dei
926 1135 980 1199 pro
1003 1118 1112 1182 effectu
1134 1119 1237 1183 numi·

180 1226 243 1302 nis,
267 1243 320 1306 pro
343 1223 509 1300 elemento,
538 1225 616 1306 quod
645 1224 790 1307 potestati
812 1224 877 1289 eius
899 1225 1054 1288 subditum
1079 1227 1127 1288 ost
1150 1225 1235 1306 (VII,
1295 1302 1298 1306 ι

178 1336 222 1399 25
251 1332 385 1397 Veneris
406 1333 547 1395 maritas
569 1363 610 1382 =
638 1332 747 1414 ignis),
771 1350 824 1413 pro
855 1331 986 1409 artibus,
1020 1333 1128 1414 quibus
1157 1351 1236 1414 prae-

180 1441 269 1520 sidet
292 1440 364 1524 poni
387 1439 473 1515 solet,
451 1439 541 1503 tsie
564 1455 672 1503 nomen
684 1458 820 1520 personae
840 1439 989 1520 provirtu
968 1444 1030 1517 ute,
1053 1439 1136 1516 vitio,
1159 1441 1235 1516 arte,

181 1566 240 1629 qua
261 1547 417 1619 excelluit
448 1547 603 1609 interdum
631 1545 828 1611 substituitur
873 1546 1193 1631 etoomparatione'
1186 1565 1235 1608 rn-

181 1654 299 1734 stitutua,
322 1672 459 1736 persona,
482 1672 548 1735 quae
561 1672 631 1717 eum
642 1652 703 1718 alra
715 1671 841 1734 persona
862 1657 1063 1735 eomparatur,
1087 1671 1157 1716 cnm
1179 1653 1237 1715 hae

180 1761 337 1825 interdum
365 1760 521 1824 ooalesoit:
555 1759 738 1842 stirpata
760 1760 914 1840 palti-ctas
935 1761 1027 1823 Aiax
1051 1760 1138 1839 (vlt,
1168 1761 1234 1841 45),

184 1868 256 1932 Tae
278 1887 363 1932 auor
389 1866 514 1948 Oeiceao
530 1868 650 1955 tVIII,
680 1870 769 1949 130),
798 1867 912 1931 Manis
933 1868 993 1948 jus
1024 1866 1129 1930 dicere
1144 1886 1235 1947 paa-

180 1995 283 2040 aosas
306 1974 412 2038 ceditis
441 1974 575 2040 Ulubris
599 1975 647 2051 (Χ,
673 1977 756 2054 102),
779 1975 933 2038 Instituit
955 1972 1070 2039 metior
1090 1973 1237 2038 Loeaota

181 2085 225 2164 (Ι,
248 2086 304 2157 71;
335 2084 414 2158 sunt,
437 2083 487 2163 qui
509 2081 654 2144 Leeastu
676 2082 809 2146 ablativo
832 2101 904 2146 casu
926 2081 1061 2163 positum
1088 2099 1155 2147 esse
1178 2101 1236 2162 pu-

180 2193 269 2272 tent).
317 2189 453 2270 Insignis
487 2189 615 2252 alieuius
650 2190 689 2252 ad
717 2189 813 2252 alium
836 2189 1011 2266 transferri,
1045 2189 1235 2252 rarissimum

184 2301 239 2372 est,
263 2300 294 2361 et
316 2296 406 2360 modo
428 2295 460 2358 in
482 2300 539 2358 sat.
562 2295 607 2358 VI
630 2316 657 2360 v.
684 2299 743 2362 138
767 2295 926 2380 Cupidinis
954 2295 1083 2377 tempas
1105 2300 1136 2360 et
1150 2296 1237 2376 pita·

183 2408 275 2469 retra
297 2404 335 2467 ad
365 2401 517 2470 Venerem
538 2403 687 2467 translata
710 2405 796 2477 sunt3
825 2406 915 2485 poeta
944 2405 1024 2468 enim
1048 2423 1117 2467 mox
1140 2403 1237 2487 Cupi·

183 2512 247 2575 dini
280 2515 347 2574 nior
370 2510 482 2587 Veneri
515 2511 627 2575 amoris
650 2511 772 2575 excitati
794 2501 934 2574 oaussdm
967 2511 1115 2598 attribuit.
1153 2512 1238 2573 Inter

183 2619 259 2683 fines
283 2619 332 2682 hio
354 2618 549 2682 adumbratos
579 2621 669 2699 poeta
697 2637 808 2699 magna
836 2618 1152 2693 libertateversatur,
1183 2617 1248 2680 sed·

110 2726 112 2730 ’
183 2744 235 2789 eos
257 2726 305 2789 vix
327 2725 390 2789 ullo
412 2723 478 2789 loeo
502 2725 664 2805 egreditur.
