2694 4582
422 281 464 333 De
484 279 619 333 liberiore
638 279 787 332 verborum
804 282 911 348 positu.
1151 285 1192 348 29

143 502 201 566 quo
223 485 289 548 loco
311 503 364 565 pro
389 483 577 566 Corppbcece
598 483 653 546 alii
678 483 859 564 Coryphaei,
882 483 936 546 alii
958 486 1095 550 eodieum
1119 505 1192 550 ane·

144 591 263 654 toritati
285 590 484 672 obsequentes
510 590 661 672 Crptlree
683 593 800 669 legunt,
824 594 856 654 et
878 591 1073 658 Heinriolrius
1096 594 1192 674 parti·

142 696 242 761 eulanr
265 698 468 779 copulativam
489 704 647 779 poetarum
671 716 753 762 ruore
776 699 991 778 transpositam
1006 719 1073 764 esse
1090 700 1193 763 dicens

141 804 233 868 verba
254 804 298 866 sio
320 809 454 868 enarrat:
477 805 536 868 sed
555 804 670 868 renale
684 824 787 884 pecus
802 805 990 886 Carppbaeee
1009 811 1039 869 et
1051 806 1193 886 (venalis)

137 912 318 992 posteritas
328 911 479 990 Hirpini,
495 912 729 981 substantivum,
753 914 831 992 quod
844 917 892 975 est
898 915 1089 992 posteritas,
1102 913 1193 976 serbo

148 1018 244 1082 subst.
267 1019 389 1101 omisso,
411 1020 491 1081 inter
512 1019 645 1100 priorem
668 1020 843 1098 genetivum
856 1019 1057 1103 (Coryphaeus)
1070 1024 1101 1083 et
1123 1039 1192 1101 par·

142 1125 270 1188 tioularn
290 1144 374 1188 more
396 1125 557 1190 Juvenalis
579 1127 795 1206 interpositum
818 1130 876 1202 est,
901 1130 931 1189 et
950 1127 1192 1190 loeussieenar·

142 1234 272 1297 raudus:
293 1231 407 1295 eenole
423 1252 525 1311 pecus
542 1238 589 1296 est
605 1233 791 1314 Corpptrceee
802 1238 833 1298 et
843 1234 985 1314 Hirpini
1000 1235 1191 1313 posteritas.

100 1423 104 1428 .
142 1337 241 1403 Poeta
262 1358 373 1420 equum
389 1340 523 1403 nobilem
537 1344 569 1404 et
584 1361 693 1422 equam
709 1342 864 1405 victricem
880 1348 1036 1422 tamquam
1052 1345 1193 1422 parentes

142 1446 235 1528 prolis
257 1448 387 1528 copulat.

227 1555 263 1616 In
286 1555 378 1617 satira
405 1559 522 1636 quarta,
556 1556 607 1618 ubi
642 1558 731 1635 poeta
764 1554 923 1617 eonsilium
956 1554 1121 1618 Domitiani
1154 1553 1193 1616 ob

144 1661 307 1724 rhombum
326 1662 502 1743 imperatori
524 1663 602 1725 dono
624 1663 729 1725 datum
753 1665 784 1724 et
805 1680 982 1725 mensuram
1005 1663 1117 1742 patina
1139 1681 1192 1723 su·

143 1771 300 1849 parantem
336 1769 430 1831 llorna
468 1771 506 1832 ad
541 1770 645 1833 sillam
681 1769 834 1832 Albanam
867 1769 978 1850 raptinr
1013 1768 1192 1832 arcessitum

143 1875 259 1948 irridet,
282 1876 347 1939 haee
369 1896 426 1940 ar.
439 1881 480 1941 75
502 1878 618 1957 scripta
639 1879 724 1938 sunt:

499 2028 635 2091 Primus
656 2028 817 2091 adornante
838 2026 987 2090 Libarna

231 2133 373 2217 Currite,
388 2137 462 2217 jara
485 2136 578 2201 sedit.
601 2140 701 2215 rapta
718 2135 923 2216 properabat
944 2132 1053 2197 abolla

227 2241 377 2323 Pepasus
399 2247 449 2305 att
468 2245 547 2306 reite
563 2245 696 2323 positus
717 2243 810 2306 raeda
833 2241 963 2304 villiers
985 2241 1067 2303 arbi.

226 2350 324 2412 Aurae
346 2350 441 2413 alitae!
462 2355 539 2413 tane
554 2350 729 2433 prefecti?
751 2370 887 2433 pacorum
910 2351 1052 2430 optimus
1075 2351 1172 2430 atqaee

229 2457 400 2538 Interpres
423 2458 526 2540 lepram
550 2459 789 2529 satiatissimers,
813 2458 923 2519 orrentia
946 2476 1139 2539 praeruperant

232 2564 442 2644 Temporibus
464 2566 549 2628 diris
572 2565 748 2628 tractanda
763 2565 908 2645 putabat
930 2564 1048 2626 inerrat

229 2670 381 2736 ‘tristitia

146 2839 198 2904 Sia
218 2841 414 2905 Heinriehius
435 2842 534 2906 loeurn
559 2843 636 2915 edit;
669 2841 836 2922 Rupertius
865 2843 896 2902 et
918 2840 1050 2905 Jabnius
1074 2856 1191 2902 comma

143 2951 215 3028 post
234 2951 464 3013 sanctissimas
486 2951 620 3032 positum
643 2949 755 3012 delent.
811 2947 904 3010 llulti
932 2947 1116 3027 interpretes
1138 2946 1194 3008 hos

146 3073 252 3118 versus
273 3057 423 3138 corrigere
446 3059 478 3119 et
500 3056 734 3129 substantivum,
763 3056 801 3118 ad
824 3055 902 3136 quod
925 3055 1067 3134 optimas
1089 3051 1195 3116 referri

143 3165 271 3243 poterat,
294 3163 503 3227 desiderantes
524 3180 687 3244 pronomen
718 3162 990 3226 demonstrativum
1013 3161 1194 3224 interserere

144 3269 245 3333 conati
279 3275 359 3346 sunt,
392 3288 469 3351 quos
492 3275 618 3334 conatus
635 3270 702 3351 jam
731 3270 865 3350 antiquis
888 3268 1075 3349 temporibus
1097 3266 1195 3329 laotos

142 3393 219 3452 esse,
252 3378 370 3441 codices
402 3377 478 3440 satis
511 3380 696 3453 monstrant,
730 3395 858 3458 quorum
893 3375 947 3438 alii
979 3394 1115 3457 peiorare
1143 3373 1195 3436 bie

148 3484 298 3563 optimas.
322 3484 375 3547 alii
397 3484 449 3546 bio
471 3504 609 3566 peteretne
632 3485 774 3563 optimas
807 3483 861 3546 alii
894 3502 1032 3565 pataram
1053 3482 1195 3561 optimas

143 3594 241 3674 atque
272 3591 325 3655 hie
356 3591 478 3654 habent.
538 3591 734 3654 Heinriehius
756 3594 828 3654 erat
855 3591 941 3653 audit
970 3596 1001 3652 et
1023 3588 1193 3670 subjectum

143 3698 228 3761 nullo
249 3700 339 3761 modo
362 3699 467 3762 deesse
489 3717 577 3779 posse
600 3699 703 3761 dieens
721 3717 841 3761 versum
864 3697 1002 3778 spurium
1032 3713 1098 3759 esse
1121 3712 1194 3758 oon-

142 3805 252 3869 tondit.
296 3806 377 3868 Tota
399 3823 469 3868 nero
492 3805 557 3868 eius
580 3805 732 3868 enarratio
759 3823 855 3886 nsque
885 3824 902 3867 a
925 3805 1013 3885 rapta
1034 3801 1135 3865 abolla
1157 3801 1195 3864 ad

142 3910 292 3975 inormem
309 3911 464 3994 justitiam
495 3911 573 3975 falsa
606 3915 670 3986 est3
706 3914 841 3993 Pegasus
875 3911 954 3973 eninr
992 3909 1125 3973 abollam
1157 3908 1195 3970 ad

141 4018 249 4082 villam
270 4018 423 4082 Albanam
445 4023 659 4100 properaturos
688 4019 778 4100 rapit,
811 4036 871 4081 non
905 4017 990 4080 sinus
1013 4015 1130 4088 abollae,
1160 4016 1195 4077 ut

142 4125 300 4190 decentius
332 4130 403 4190 ante
435 4127 652 4208 imperatorem
681 4126 816 4208 prodeat,
850 4123 983 4206 oolligit;
1016 4141 1086 4204 quae
1118 4121 1195 4184 ratio
