2694 4582
456 288 499 339 De
518 288 667 353 particulis
688 289 866 355 copulativis.

203 487 249 551 Ec
271 488 415 553 Scauros
437 493 468 553 ei
489 489 662 554 Fabricios
683 491 847 573 ripidc'qoe
868 511 998 557 severos

207 593 360 660 Censoris
381 617 488 661 mores
509 599 607 661 etiarn
629 597 750 680 collepo
773 600 915 663 timeret:

202 703 305 766 Nemo
326 706 414 767 inter
436 723 533 768 caros
556 709 586 768 et
606 706 695 769 serio
717 704 813 768 dacii
834 706 1024 784 babendum,

117 807 119 811 ’
205 811 322 891 Qualis
343 813 380 875 c‘a
403 815 515 877 oceani
528 813 636 895 flecta
658 813 782 876 testudo
806 817 947 895 coloret,

137 919 178 983 95
204 916 340 983 Claram
365 920 560 1002 Trojupeac's
574 920 714 1004 facturo
736 921 902 985 cenobite
916 920 1075 1005 foloraca,

200 1025 267 1090 Sea
286 1028 373 1091 audo
397 1028 498 1093 latere
520 1033 550 1092 et
564 1030 684 1108 porois
697 1027 799 1110 froas
821 1048 906 1093 cereo
930 1029 1020 1093 lectis

143 1194 145 1199 ,
206 1132 275 1197 Vile
298 1137 446 1198 coronati
468 1141 566 1216 capot
589 1136 775 1200 ostendebat
797 1135 893 1200 uselli

198 1240 255 1303 Ad
275 1243 362 1322 qaod
383 1243 498 1307 loscioc'
521 1243 674 1309 tudeborti
696 1245 786 1307 raris
808 1242 944 1307 aiaconi.

136 1349 193 1411 Pro
214 1350 379 1430 ripidiqoe
400 1354 440 1432 (v.
463 1353 518 1434 91)
540 1371 599 1415 non
621 1353 710 1433 pauci
740 1352 856 1415 codices
878 1353 971 1432 (inter
993 1367 1068 1432 quos
1092 1351 1184 1413 codex

133 1455 322 1520 Pithoeanus
345 1460 401 1535 est,
426 1448 478 1539 quii
499 1458 530 1520 in
553 1478 581 1521 v.
604 1461 645 1524 93
667 1477 721 1540 pro
743 1458 925 1523 babendum
940 1444 1044 1540 ¹babet
1066 1457 1183 1520 babea-

134 1563 402 1643 camposacco
426 1565 570 1641 scribunt,
594 1585 686 1647 quam
708 1567 891 1647 scripturam
902 1563 1084 1646 Rupertius
1109 1564 1183 1628 Jah-
1268 1610 1271 1616 ·

132 1670 211 1747 nius,
233 1671 428 1736 Hermannus
450 1673 495 1735 ita
515 1673 645 1753 amplexi
668 1676 748 1749 sunt,
778 1676 813 1737 ut
836 1691 903 1736 eam
925 1672 957 1734 in
985 1673 1071 1735 textu
1093 1689 1182 1753 pone-

132 1781 209 1842 rent.
254 1779 321 1842 Hoc
343 1782 446 1842 autem
469 1780 649 1844 vocabulum
665 1799 814 1861 nusquam
825 1779 898 1843 alibi
910 1779 988 1860 apud
999 1777 1181 1842 iuvenalem

96 1920 106 1927 -
131 1885 253 1967 legitur,
277 1905 431 1967 quumque
453 1890 543 1966 poeta
557 1887 589 1949 in
604 1887 660 1950 tali
671 1888 821 1963 adverbio,
844 1886 933 1969 quale
946 1889 994 1950 est
1005 1888 1183 1965 postremo,
1244 1915 1251 1925 ·

130 2011 280 2074 nusquam
302 1992 438 2056 in'thesi
460 1993 607 2075 syllabam
629 1994 820 2058 terminalem
841 1994 965 2058 brevem
987 1995 1089 2074 ponat,
1115 1993 1184 2056 haec

131 2099 279 2180 scriptura
301 2099 400 2182 accipi
419 2100 466 2163 vix
494 2100 584 2163 debet
608 2100 674 2182 (cfr.
697 2120 747 2183 pg.
770 2103 872 2182 9-10).
934 2100 992 2178 Qui
1016 2099 1182 2181 ripidiqoe

128 2205 245 2285 legunt,
268 2207 324 2270 hos
346 2227 451 2272 versus
473 2208 517 2272 ita
539 2211 688 2283 enarrant,
711 2211 747 2271 ut
767 2209 867 2288 verba
891 2210 971 2289 quod
985 2210 1033 2272 est
1047 2209 1181 2284 timeret,

129 2312 189 2376 tria
212 2313 346 2396 objecta:
371 2315 523 2391 Scauros,
546 2315 728 2395 Fabricios
751 2334 856 2379 mores
879 2316 1002 2396 addant,
1036 2316 1090 2379 sed
1112 2319 1184 2396 post

128 2417 318 2497 Fabricios,
358 2441 418 2487 non
456 2425 525 2505 post
562 2420 716 2487 Colacem
747 2423 941 2485 incidendum
979 2442 1054 2500 esso,
1114 2422 1181 2504 jam

127 2528 198 2592 inde
231 2532 368 2611 apparet,
413 2531 492 2612 quod
514 2529 664 2611 particula
686 2550 760 2610 que,
794 2530 846 2594 ubi
883 2533 956 2593 et-et
989 2531 1179 2610 praecedunt,

128 2654 163 2698 ex
195 2637 356 2701 iuvenalis
389 2638 530 2719 loquendi
558 2657 616 2700 usu
645 2636 790 2700 ultimum
821 2636 994 2699 membrum
1029 2655 1090 2698 non
1124 2637 1177 2698 ad-

123 2742 229 2824 jungit
267 2747 299 2806 et
343 2745 517 2827 frequenter
556 2744 739 2808 sententiam
778 2763 888 2806 novam
920 2743 1013 2806 addit.
1076 2742 1181 2807 Etiam
1268 2821 1270 2824 Ι

127 2869 242 2914 caesura
261 2851 360 2932 quarti
384 2852 470 2933 pedis
491 2853 570 2915 hanc
591 2870 696 2915 versus
714 2851 942 2914 ‘distinctionem
967 2848 1176 2927 commendat,

126 2956 261 3020 Verbum
284 2962 454 3022 tremerent
476 2962 606 3041 quatuor
627 2959 745 3041 objecta
765 2958 866 3034 habet,
900 2956 1026 3021 verbum
1051 2957 1179 3019 timeret

54 3081 61 3094 ·
126 3083 237 3139 unrnn:
275 3085 408 3129 mores·
447 3067 484 3129 ln
519 3085 608 3129 versu
641 3069 683 3132 90
715 3065 893 3147 particulam
928 3067 1037 3127 catera
1074 3063 1178 3127 minus

126 3173 230 3252 aptam
263 3190 338 3247 esse,
377 3173 573 3236 Heinrichius
607 3173 689 3236 solus
723 3173 814 3248 vidit,
848 3174 880 3234 et
912 3173 1037 3252 poetam
1071 3169 1180 3234 adbuc

22 3318 24 3323 -
126 3278 282 3360 scripsisse
306 3280 410 3356 credit,
444 3280 497 3343 sed
527 3281 645 3344 codices
672 3280 777 3360 paucis
801 3278 932 3360 exceptis
957 3279 1021 3360 (qui
1044 3277 1106 3341 olii
1128 3279 1177 3342 vel

126 3388 203 3448 cate
223 3385 348 3463 habent)
372 3387 573 3460 consentiunt,
595 3405 693 3468 neque
716 3387 890 3467 coniectura
912 3403 986 3466 opus
1010 3387 1071 3448 est.
1116 3386 1175 3450 Ju-

125 3493 240 3556 venalis
263 3495 354 3567 enim,
387 3493 439 3556 ubi
472 3512 571 3557 mores
598 3493 851 3574 disciplinamque
873 3492 1022 3572 temporis
1044 3492 1175 3556 alicuius

124 3599 269 3682 depingit,
293 3601 351 3664 hoc
372 3603 492 3682 tempus
515 3599 627 3664 certius
650 3600 773 3663 definire
789 3600 868 3663 solet
880 3602 911 3664 et
925 3599 970 3662 ita
984 3600 1176 3680 plerumque,
1282 3656 1284 3660 .

123 3708 159 3770 ut
181 3707 258 3770 hanc
280 3707 426 3788 temporis
448 3707 653 3771 definitionem
676 3701 781 3788 primae
804 3705 1017 3786 descriptionis
1039 3705 1172 3787 imagini

124 3813 296 3896 subjungat,
330 3814 438 3877 deinde
467 3818 582 3878 ceteras
605 3813 813 3894 descriptionis
834 3815 936 3894 partes
962 3815 1091 3893 promat.
1139 3811 1172 3876 Si

122 3920 231 3997 locum,
255 3921 307 4002 qui
328 3921 361 3984 in
383 3921 477 3984 satira
498 3920 615 3984 decima
636 3921 768 3984 tertiae
788 3940 814 3984 v.
838 3923 879 3986 38
900 3920 1026 4002 legitur,
1060 3919 1171 4000 quique

124 4027 256 4090 similem
289 4027 419 4091 formam
451 4028 575 4109 prabet,
608 4047 677 4091 curn
710 4029 767 4091 boc
800 4026 1087 4108 comparaverimus,
1122 4025 1176 4088 hic

122 4135 194 4198 ordo
207 4134 353 4199 elucebit:
375 4139 463 4215 poeta
483 4133 694 4215 indigenarum
710 4153 809 4198 mores
825 4134 898 4197 clim
911 4133 1066 4214 simplices
1079 4135 1170 4213 atquc
