2694 4582
187 272 229 338 26
468 271 511 323 lle
530 270 665 324 liberiore
684 271 832 323 verborum
850 270 957 338 positu.

187 475 262 538 dicit
274 475 357 557 (XII,
371 475 413 556 l).
440 473 599 538 ,luvenalis
620 473 717 556 igitur
731 473 924 555 adjectivum,
948 475 1028 556 quod
1044 476 1082 538 ad
1093 477 1151 539 duo
1164 475 1237 540 sub·

187 582 319 647 stantiva
338 581 508 662 copulative
521 581 629 663 juncta
639 580 782 662 pertinet,
805 584 875 644 ante
897 581 1028 644 alterum
1050 581 1240 657 interseruit,

187 693 218 753 et
230 688 326 752 simili
340 689 428 752 modo
441 688 473 751 in
485 691 542 752 sat.
550 688 607 751 XV
619 689 721 764 v.l29,
744 687 797 750 ubi
810 689 877 751 duae
890 689 1048 751 sententiae
1055 689 1237 782 junguntur,

186 795 379 878 adjectivum,
405 796 484 877 quod
506 796 544 858 ad
567 795 718 877 objectum
742 793 849 875 prioris
872 796 1030 858 sententiae
1052 795 1237 875 audiendum

186 905 242 978 est,
266 907 337 965 ante
360 901 512 984 objectum
538 901 662 972 alterius
685 901 803 981 posuitz
850 901 918 965 Nec
945 922 1088 982 poeuau
1121 902 1236 967 sceleri

183 1011 329 1074 e'uueuc'cs
361 1029 419 1073 uec
454 1009 557 1090 dipua
582 1009 724 1089 parabis
748 1006 920 1088 Supplicia
948 1008 1000 1072 bc‘s
1020 1009 1158 1089 populis
1180 1010 1234 1075 cfr.

184 1117 257 1181 Hor.
283 1116 378 1199 lipist.
391 1117 414 1190 I,
430 1121 511 1190 l,4l
544 1116 657 1180 Victus
679 1121 727 1180 cst
747 1117 862 1179 citium
876 1114 995 1198 supere
1017 1121 1047 1180 ei
1063 1119 1235 1198 'sapientia

176 1225 292 1304 priua
313 1223 458 1287 stultitia
480 1225 662 1299 caruisscb.
698 1224 809 1286 ilarius
833 1223 925 1287 etiam
947 1223 979 1286 in
1002 1227 1060 1288 sat.
1071 1225 1136 1289 XV.
1151 1246 1179 1290 v.
1192 1229 1234 1293 86

181 1330 349 1395 Elementa
383 1331 536 1413 protutor
575 1337 605 1396 ct
644 1335 674 1394 tc
707 1329 856 1395 exultare
891 1351 966 1395 reor
1000 1350 1165 1413 pronomen
1201 1333 1234 1397 in

182 1439 280 1519 priore
303 1439 455 1502 sententia
477 1439 569 1512 audit,
592 1439 651 1503 nisi
671 1440 756 1503 locus
779 1434 824 1501 it'a
845 1438 939 1520 accipi
963 1439 1062 1516 debet,
1085 1442 1120 1503 ut
1142 1455 1232 1520 poeta

182 1564 240 1608 non
269 1549 333 1615 tam
361 1564 527 1627 pronomen
555 1546 692 1610 omiserit
719 1565 809 1628 quam
838 1545 982 1610 orationis
1010 1546 1138 1610 formam
1163 1567 1232 1621 mu-,

182 1638 309 1716 laverit

270 1758 414 1823 Videmus
437 1759 540 1841 igitur,
564 1761 643 1824 hunc
660 1761 864 1824 membrorum
875 1760 1044 1843 copulative
1052 1762 1231 1842 junctorum

180 1864 314 1945 positum
336 1868 416 1947 apud
440 1867 622 1930 Juvenalem
655 1867 745 1930 certis
778 1868 888 1931 finibus
919 1869 1076 1941 contineri,
1100 1887 1231 1950 cumque

136 1974 137 1977 ’
180 1974 234 2035 aut
267 1976 336 2052 post
368 1973 451 2052 prius
487 1974 657 2037 membrum
691 1977 791 2054 partes
819 1974 1039 2038 enunciationis
1071 1975 1230 2057 utriusque

164 2073 309 2142 'membri
342 2098 519 2144 communes
553 2081 789 2162 interjicientem
822 2081 1005 2162 particulam
1034 2100 1104 2145 oum
1134 2081 1231 2146 altero
1324 2137 1327 2140 ,

179 2187 315 2249 membro
348 2188 502 2251 retrahere
536 2193 589 2251 aut
622 2187 800 2268 particulam
829 2205 848 2250 a
877 2188 975 2270 priore
1003 2190 1141 2253 membro
1169 2207 1231 2254 non

179 2343 307 2350 ᾖ...-

250 2442 336 2494 tivum
360 2443 466 2508 posuit,
495 2449 523 2494 et
549 2440 780 2507 quemadmodum
800 2441 824 2492 is
848 2441 970 2506 Templum
987 2451 1010 2492 et
1026 2442 1112 2492 violati
1128 2443 1231 2493 numinis

249 2543 310 2576 aras
338 2525 416 2590 dicit,
440 2527 482 2578 sic
510 2525 585 2592 apud
604 2525 790 2578 Columellam
811 2525 868 2592 (Vl,
895 2528 939 2592 29)
970 2527 1103 2591 Conmenta-
1122 2544 1232 2591 novoeme

252 2611 290 2660 rei
305 2611 390 2661 audita
408 2611 544 2676 scriptum
563 2609 693 2677 legitur..
725 2609 801 2662 Satis
820 2610 900 2663 multi
920 2616 1035 2664 exstant
1053 2611 1119 2678 loci,
1147 2612 1195 2677 qui
1214 2627 1231 2664 a

250 2693 385 2759 loquendi
404 2694 501 2747 formis
525 2709 612 2761 supra
637 2695 742 2761 positis
771 2693 944 2748 declinantes
972 2711 1031 2748 rem
1059 2695 1230 2763 apertiorem

248 2776 375 2846 reddant,
394 2785 426 2830 ut
445 2778 523 2831 Ovid.
542 2778 610 2831 Met.
629 2778 690 2844 XII,
701 2781 750 2833 109
773 2779 848 2837 Quaem
871 2779 981 2830 Tenedon
998 2796 1085 2844 suoque
1102 2781 1230 2831 Eetioneas

247 2862 344 2926 implevi
367 2864 482 2928 sanquine
510 2863 616 2928 ivetam
645 2863 724 2916 Fast.
745 2865 829 2930 1,110
854 2865 885 2914 In
900 2866 996 2929 faciem
1022 2864 1085 2914 redii
1110 2864 1229 2930 diaetaque

246 2949 350 2996 membra
368 2947 425 3012 dec,
445 2945 590 3013 Virg.Ecl.
600 2947 646 3013 VI,
656 2950 690 3000 20
699 2948 778 2998 Addit
794 2967 819 2998 se
836 2951 926 2999 sociam
943 2949 1080 3014 timidisque
1096 2951 1231 3015 supervenit

247 3031 338 3096 Aeqlc5
358 3033 428 3083 Aen.
448 3031 484 3096 II,
503 3033 553 3083 293
572 3031 654 3082 Sacra
670 3049 769 3096 suosque
791 3033 836 3082 tibi
856 3033 1001 3083 commendat
1024 3034 1099 3083 Troia
1117 3034 1229 3095 Penates,

245 3113 312 3167 Hor.
331 3114 391 3168 Set.
407 3115 428 3176 Ι,
446 3117 471 3180 6,
491 3117 539 3170 113
558 3115 682 3167 Fallacem
709 3118 794 3166 circum
820 3118 1020 3182 vespertinumque
1043 3135 1142 3182 pererro
1166 3135 1229 3183 sape

239 3200 333 3263 succa.
372 3198 445 3265 Quia
464 3199 640 3268 adjectivum,
660 3200 763 3265 cuique
781 3199 912 3254 suffixum
930 3207 984 3268 est,
1003 3202 1044 3253 ite
1061 3201 1227 3267 plerumque

245 3283 370 3349 positum
389 3283 537 3350 invenitur,
556 3291 588 3337 ut
606 3299 622 3336 a
640 3290 740 3337 neutro
760 3285 883 3338 membro
903 3284 1063 3352 divellatur,
1087 3285 1228 3353 particula

247 3371 423 3433 transposita
451 3368 570 3435 dicitur,
604 3369 624 3420 ii
658 3375 767 3435 autem,
795 3369 843 3434 qui
870 3369 927 3422 tale
956 3369 1124 3436 adjectivum
1152 3370 1227 3437 apud

244 3458 345 3518 poetas
375 3452 410 3505 ad
435 3459 582 3518 utrumque
602 3453 755 3506 membrum
775 3467 886 3520 semper
904 3453 1082 3507 referendum
1102 3469 1165 3507 esse
1186 3455 1226 3507 di·

246 3543 320 3601 cum,
341 3542 416 3588 certe
429 3543 532 3602 errant,
552 3543 581 3589 et
600 3537 667 3604 quid
685 3537 899 3590 hocJuvenalis
917 3537 980 3592 loco
1000 3537 1087 3592 iidem
1105 3538 1225 3592 facient:

244 3621 357 3670 Labotas
375 3623 499 3684 robumque
509 3625 651 3686 juvencum?
684 3619 770 3687 (VIII,
781 3622 850 3686 155).

212 3704 218 3732 ¹
244 3704 297 3757 Hic
316 3705 464 3758 verborum
483 3705 595 3772 positus
615 3708 699 3757 etiam
726 3705 754 3757 in
777 3705 905 3758 oratione
925 3705 1061 3771 asyndeta
1080 3706 1224 3760 adhibitus

244 3803 307 3840 esse
326 3788 446 3842 videtur.
482 3789 517 3840 Jn
538 3789 649 3840 lloratii
678 3790 750 3841 enim
770 3789 865 3855 Epist.
886 3789 935 3840 lib.
956 3791 977 3857 I,
998 3793 1029 3842 14
1047 3807 1071 3844 v.
1092 3793 1125 3843 43
1148 3791 1224 3856 Optat

242 3873 357 3938 ephippia
375 3876 425 3936 bos,
443 3874 512 3939 piper
530 3883 597 3938 optat
615 3891 688 3923 arare
705 3874 825 3940 caballus,
854 3888 909 3939 quo
929 3873 992 3927 loco
1011 3881 1078 3941 post
1094 3877 1165 3941 piper
1182 3876 1223 3927 in·

244 3956 299 4008 cidi
319 3957 403 4023 solet,
422 3957 475 4010 hoc
495 3956 663 4024 adjectivum
694 3973 710 4010 a
739 3959 914 4012 substantivo
943 3973 1053 4011 versum
1073 3959 1223 4014 claudente

243 4039 339 4093 divelli
358 4057 414 4094 non
434 4041 528 4107 debet,
547 4055 637 4106 neque
657 4043 809 4109 anaphorae
828 4043 900 4095 ratio
920 4041 1048 4111 impedit,
1074 4044 1221 4110 quominus

242 4125 321 4177 locus
340 4125 382 4178 sic
401 4126 493 4192 accipi
512 4127 613 4194 possit.
