2694 4582
176 287 218 351 34
355 306 357 310 ⁴
459 285 501 337 lle
519 284 656 338 liberiore
676 285 823 339 verborum
843 287 949 353 positu.

184 488 342 569 periodum
365 488 486 553 claudit.
517 490 553 553 Iu
575 488 665 554 verbo
688 496 888 571 aspernatur
903 493 1045 557 mendum
1067 493 1163 558 latere
1185 494 1234 559 vi·

181 597 278 670 detur,
315 599 346 659 et
374 597 439 660 fieri
466 600 575 678 potest,
598 601 634 662 ut
654 599 812 664 luvenalis
845 603 1044 681 asperuatus
1077 601 1235 683 scripserit

179 704 234 767 cfr.
258 724 286 767 v.
301 706 362 768 112
385 703 517 769 Fuscus
538 726 721 776 marmorea
742 708 919 772 meditatus
933 707 1066 789 proelia
1087 708 1179 788 oilla,
1202 714 1235 774 et

180 811 265 875 locus
288 811 332 875 sic
354 813 528 878 scribendus
551 815 605 879 sit:

243 951 326 1029 Ecce
348 969 463 1029 iteruru
490 964 664 1048 Crispinus
687 971 716 1032 ct
738 971 786 1031 est
807 968 887 1031 raibi
909 988 995 1049 scepc
1015 971 1186 1035 uocaudus

242 1070 298 1135 Ad
314 1077 450 1153 partes:
472 1079 652 1139 ruoustrura
674 1074 770 1139 uulla
793 1077 913 1140 uirtute
937 1077 1136 1160 redemptura

249 1180 282 1245 A
304 1182 404 1258 uitiis,
428 1192 512 1264 ceper
533 1183 665 1267 solaque
687 1183 821 1248 libidine
835 1182 939 1266 fortis

243 1287 393 1354 Delicias
416 1289 523 1353 uiduae
545 1294 676 1356 tautuvu
698 1296 896 1373 aspernatus
919 1291 1062 1356 adulter.

180 1459 217 1522 In
241 1463 297 1523 sat.
321 1461 427 1541 primae
450 1480 476 1524 v.
500 1467 519 1526 6
543 1465 573 1525 et
596 1465 652 1526 sat.
676 1463 836 1528 V1v.541
864 1460 1003 1544 periodus
1026 1461 1120 1525 simili
1141 1462 1233 1526 modo

178 1567 258 1631 exit:
282 1571 455 1648 corruptus
470 1567 584 1643 Osiris,
600 1570 721 1654 fluitus
736 1568 873 1650 Orestes,
897 1569 951 1633 etr.
964 1569 1005 1644 II,
1024 1573 1064 1636 29
1080 1567 1234 1649 pollutus

107 1678 114 1689 '
178 1673 316 1752 adulter,
329 1676 621 1755 thlprcetcatatus
633 1677 771 1752 adulter,
787 1683 818 1741 et
830 1677 1023 1760 participium
1034 1681 1234 1757 aspcruatus

178 1782 338 1864 participio
367 1802 534 1866 praegresso
556 1785 754 1866 redemptura
779 1788 848 1867 apte
872 1786 1041 1866 respondet.
1086 1785 1125 1848 In
1148 1784 1232 1848 codi-

179 1889 264 1954 cibus
287 1911 301 1953 r
323 1895 354 1954 et
376 1911 390 1954 s
413 1891 516 1955 crebro
538 1897 758 1974 permutantur,
786 1896 817 1955 et
838 1893 869 1955 in
893 1896 948 1956 sat.
962 1891 1024 1956 VII
1048 1913 1074 1955 v.
1095 1895 1230 1966 88—89,

179 1997 232 2061 ubi
254 1999 372 2062 codices
395 2000 501 2080 optimi
523 2001 649 2063 habent:

307 2149 373 2215 Ille
395 2157 425 2217 et
445 2153 572 2216 ruilitice
594 2153 706 2217 ruultis
729 2154 872 2235 larpitur
894 2152 1046 2216 lrouorcru

308 2260 488 2325 Seraeustri
510 2261 631 2343 dipitos
652 2265 764 2324 natura
787 2261 991 2344 circuralipat
1009 2274 1095 2324 'auro

180 2431 311 2495 lahuius
342 2432 385 2495 sic
414 2449 467 2512 pro
502 2429 646 2513 larpitur
668 2432 763 2495 edidit
795 2431 944 2512 larpitus.
982 2433 1035 2495 ¹lla
1068 2432 1148 2495 enim
1185 2436 1233 2496 est

179 2538 272 2602 huius
296 2540 355 2603 loci
378 2539 478 2625 ratio„
499 2543 534 2603 ut
568 2540 611 2603 sic
645 2540 837 2604 scribendum
871 2558 936 2603 esse
970 2540 1100 2620 credam,
1135 2548 1166 2604 et
1198 2540 1232 2604 hi

185 2664 291 2710 versus
314 2647 445 2711 notabile
469 2647 625 2711 rhetoricae
659 2649 802 2712 orationis
826 2647 1056 2726 distributionis
1080 2649 1230 2728 adquam

181 2755 272 2817 metri
297 2755 442 2818 rationem
468 2773 616 2836 exponens
639 2757 764 2828 attendi,
789 2755 959 2836 exemplum
981 2755 1125 2836 praebent.
1172 2757 1246 2818 Po-·

182 2862 261 2926 situs
284 2862 363 2926 enim
388 2880 505 2938 vocum,
529 2881 596 2943 qua·
620 2866 692 2926 sunt
713 2861 826 2926 uiuitis
850 2866 880 2925 et
901 2867 1021 2940 natura,
1045 2863 1230 2944 quaeeodem

185 2988 291 3034 versus
313 2969 378 3032 loco
411 2974 481 3050 post
509 2969 679 3052 graviorem
713 2989 857 3034 caesuram
891 2971 933 3033 ita
968 2970 1162 3050 collocantur,
1196 2973 1232 3034 ut

183 3077 309 3141 verbum
331 3076 369 3140 iis
392 3076 602 3162 subjungatua
637 3077 750 3138 certam
785 3074 864 3138 inter
892 3095 942 3141 eas
973 3078 1158 3143 intercedere
1181 3097 1231 3142 ra·

180 3184 295 3248 tionem
319 3184 393 3247 satis
416 3183 578 3248 manifesto
611 3181 725 3265 prodit:
759 3183 864 3247 multis
897 3185 1041 3248 honorem
1070 3205 1139 3249 eum
1170 3187 1233 3250 lar-

179 3291 263 3374 gitus
286 3290 406 3355 vatibus
429 3311 547 3374 quoque
571 3310 640 3355 eum
662 3290 791 3372 largitur
818 3299 889 3362 (non
922 3291 959 3355 ob
991 3292 1135 3357 honorem
1168 3293 1231 3357 vati

180 3418 288 3463 aurum
310 3402 477 3464 semenstre
499 3401 559 3478 dat,
583 3402 635 3463 sed
659 3399 729 3480 quia
750 3400 919 3480 promiscue
940 3400 972 3462 id
994 3401 1064 3464 dare
1087 3401 1185 3478 solet).

265 3508 447 3589 Priusquam
471 3514 499 3570 'a
532 3509 632 3588 positu
665 3507 920 3572 substantivorum
953 3512 984 3572 et
1012 3510 1230 3591 adjectivorum

185 3615 404 3679 adhaerentium
427 3615 459 3677 in
482 3616 585 3678 eadem
610 3616 819 3680 enuntiatione
842 3616 1071 3681 distributorum
1096 3615 1230 3698 digredi·

184 3742 261 3797 mur,
285 3741 355 3785 eum
377 3742 445 3786 eum
469 3723 558 3785 metri
582 3725 697 3787 ratione
721 3724 800 3804 apud
822 3724 1002 3788 iuvenalem
1026 3728 1106 3788 arcte
1130 3724 1230 3788 cohae-

184 3849 250 3894 rere
273 3830 580 3912 praetermittendum·
596 3851 653 3894 nou
682 3831 797 3913 putavi.
841 3831 1035 3914 Adjectivum
1058 3831 1230 3914 (genetivus

188 3938 313 4021 adjungi
334 3941 446 4020 potest)
469 3941 602 4001 extremo
624 3957 728 4002 versus
758 3940 823 4002 loco
845 3939 979 4020 positum
1002 3937 1021 4002 a'
1042 3939 1231 4004 substantivo

186 4046 217 4110 in
241 4048 346 4110 eodem
368 4045 560 4110 hemistichia
582 4048 651 4127 post
672 4046 840 4128 graviorem
859 4065 1006 4110 caesuram
1029 4047 1131 4111 eodem
1156 4065 1229 4110 casu

184 4153 282 4236 posito
306 4155 500 4218 nullomodo
528 4154 630 4219 divelli
658 4173 755 4235 posse,
789 4153 962 4236 Madvigius
985 4159 1098 4238 (opusc.
1123 4155 1229 4233 Acad.)
