2694 4582
368 287 411 340 De
431 287 615 352 congruentia
633 287 755 354 subjecti
781 293 810 340 et
833 286 992 354 praedicati.
1104 264 1105 268 Ἰ
1141 290 1201 354 193

145 490 374 575 productionem
417 487 608 570 (Dolabella
641 493 739 569 alque
759 491 820 553 ofr.
842 490 885 567 Χ,
913 493 954 556 54
976 489 1066 571 llrpo
1089 509 1200 570 euper-

144 617 251 661 roera
263 597 520 677 autperrrler'oso
544 598 721 678 peluntur)
739 596 864 661 verbum
877 600 933 671 eet,
956 597 1200 678 quodinmogne

146 705 284 768 oodioum
317 708 402 786 perte
425 704 510 767 deest
532 705 579 778 (ut
610 704 642 766 iu
675 704 815 768 omnibus
847 703 1099 785 Hauniensibus)‚
1133 704 1200 778 sine

147 812 237 875 dubio
259 812 408 874 insertum
432 813 499 887 est,
531 829 589 891 quo
611 811 740 884 aceedit,
763 812 842 892 quod
864 811 979 874 nullum
1004 810 1200 892 saerilegium

145 919 182 982 de
205 917 338 982 Antonio
361 918 502 992 traditur,
531 921 562 979 et
584 915 765 997 saorlleprrs
787 919 892 980 notum
917 915 1020 979 Venis
1043 916 1197 998 epitheton
1249 996 1250 999 Ἴ

146 1028 202 1102 est,
225 1025 418 1107 quamobrem
439 1024 590 1107 scripture
612 1023 783 1087 scholiastae
794 1024 925 1086 tenendo
942 1029 998 1087 est.
1042 1024 1199 1088 Pluralem

147 1132 244 1202 verbi,
268 1133 346 1212 quod
370 1135 417 1194 est
438 1129 636 1213 referebant,
658 1149 819 1193 numerum
842 1149 911 1194 oum
932 1134 1028 1211 poetae
1051 1130 1195 1211 loquendi

145 1257 203 1301 usu
225 1256 400 1320 congruere,
423 1237 474 1300 hio
497 1225 691 1300 locus'doeet
704 1237 773 1313 rili,
797 1239 865 1314 70):
888 1237 955 1301 Hlo
976 1237 1047 1301 allo
1061 1236 1198 1320 Sieporre

148 1348 201 1407 ael
233 1345 285 1408 lr'e
306 1343 476 1426 Amydone
509 1342 643 1420 relr'olo,
676 1343 743 1406 Hr'e
764 1342 892 1412 Andro,
925 1343 982 1408 ille
1004 1344 1103 1409 Sarno
1127 1394 1134 1408 .
1159 1392 1197 1410 ..

139 1455 268 1532 pelori.
313 1450 373 1515 Sed
397 1451 497 1514 maius
519 1451 665 1514 mendum
690 1450 721 1513 in
750 1450 888 1513 versibus
913 1452 1197 1517 108—1091etere

147 1563 231 1642 puto.
279 1559 320 1621 Ex
355 1539 472 1638 vulgeri
495 1558 576 1620 enim
598 1576 739 1621 versuum
762 1557 971 1620 distinetione:

193 1710 290 1773 Nereo
311 1711 410 1773 soor‘r's
426 1711 513 1790 jope
529 1727 642 1788 porco
665 1708 768 1785 loom,
790 1727 870 1789 prex
883 1695 1013 1790 porrus
1036 1730 1195 1790 equorum

187 1816 233 1879 Er
247 1820 348 1896 poter
371 1817 511 1880 ormerrlr'
534 1819 626 1895 euplo
650 1815 808 1894 ereplelrrr
830 1815 934 1897 apello

144 1985 227 2050 verbi
249 1985 413 2067 singularis
437 2003 602 2064 numerus,
632 1984 683 2065 qui
706 1987 753 2048 est
775 1985 945 2065 eripietur,
979 1986 1017 2049 od
1040 1986 1100 2050 tria
1122 1988 1196 2051 sub-

139 2093 237 2174 jecto,
273 2110 402 2173 quorum
425 2091 557 2173 primunr
580 2091 690 2172 plurali
712 2110 838 2156 numero
860 2093 996 2169 effertur,
1019 2094 1195 2159 referendus

146 2203 201 2262 est.
251 2199 332 2277 Hoc,
366 2198 418 2261 ubi
446 2199 571 2261 verbum
596 2198 741 2280 subjectis
763 2199 970 2280 postponitur,
1001 2200 1195 2265 nullomodo

119 2362 120 2365 ,
147 2305 213 2368 fieri
236 2322 339 2390 posse,
375 2323 409 2368 ex
431 2304 479 2384 iis,
510 2324 577 2386 queo
608 2304 644 2367 de
676 2305 807 2386 subjecti
821 2307 919 2387 'etque
941 2307 1098 2388 praedioati
1121 2327 1193 2371 eon-

146 2412 287 2493 gruentia
315 2404 456 2497 diximus?
479 2411 554 2474 satis
576 2410 692 2485 elucet,
726 2415 758 2474 et
780 2430 876 2488 roceo,
911 2433 979 2494 quae
1002 2417 1075 2478 suut
1098 2419 1192 2495 euplo

146 2517 265 2600 apello,
300 2537 367 2599 quae
389 2536 408 2581 e
430 2517 519 2582 verbo
543 2519 700 2597 eripietur
727 2518 764 2581 ob
786 2519 921 2598 positum
942 2522 1067 2595 onrnino
1088 2522 1193 2586 divelli

144 2643 204 2688 non
226 2613 369 2710 possunt,
405 2625 431 2687 si
453 2643 523 2687 oum
546 2624 644 2687 verbis
668 2625 767 2688 Nouo
788 2627 887 2688 eoelr'e
904 2627 1076 2708 jungantur
1098 2630 1189 2710 atque
1268 2657 1269 2660 ¹

144 2731 275 2794 ablativo
298 2750 369 2794 easu
392 2731 498 2810 positae
522 2749 588 2794 esse
611 2733 766 2812 putentur,
784 2733 969 2796 sententiam
984 2714 1049 2795 ¹looi
1071 2738 1192 2815 pertur-

144 2837 225 2900 bent.
271 2836 518 2912 substantivum,
553 2839 632 2918 quod
662 2841 710 2901 est
732 2838 852 2920 apello,
885 2857 944 2902 nou
978 2839 1111 2903 ablativo
1139 2843 1192 2905 sed
1243 2823 1245 2826 ⁵

144 2945 245 3007 dativo
274 2962 345 3007 orsu
368 2944 504 3028 positum
532 2947 594 3023 est,
630 2947 661 3007 et
683 2964 797 3009 oaesure
820 2927 874 3022 (vs
891 2946 967 3028 108)
990 2948 1047 3009 hoo
1068 2948 1134 3011 looo
1156 2949 1193 3011 ut

144 3051 249 3114 intutis
283 3052 361 3131 apud
400 3049 581 3113 Juvenalem
620 3052 695 3115 loeis
728 3072 830 3116 vorem
866 3053 1071 3134 distinguendi
1110 3054 1193 3119 viam

143 3161 297 3220 monstrat.
345 3157 420 3220 Post
450 3156 544 3218 boum
565 3158 702 3238 graviore
736 3159 822 3241 siguo
846 3160 880 3240 (3)
910 3159 1190 3244 interpungendum
1218 3168 1220 3172 '

144 3266 198 3327 est.
244 3262 294 3326 Sic
305 3264 407 3327 omnia
417 3267 500 3328 reota
512 3268 601 3337 sunt;
624 3265 716 3340 verbi,
740 3260 879 3345 quodest
894 3266 1061 3345 eripietur,
1085 3268 1191 3350 singu·

143 3369 215 3432 loris
237 3388 382 3434 numerus
405 3389 439 3433 ex
466 3370 626 3435 Juvenelis
648 3372 791 3452 loquendi
812 3391 870 3435 usu
892 3376 976 3436 recte
996 3374 1127 3454 ponitur,
1161 3380 1193 3440 et

142 3480 233 3560 poete
256 3477 312 3540 hoe
333 3476 421 3539 dioit:
444 3496 524 3540 nune
547 3477 636 3540 soriis
654 3478 731 3560 juga
753 3497 851 3562 peuea
873 3479 964 3542 bourn
986 3482 1104 3544 restent
1126 3482 1193 3554 (illo

143 3583 349 3665 jumentorum
371 3585 461 3664 atque
495 3602 638 3667 peoorum
672 3585 774 3666 eopia,
808 3603 868 3666 que
894 3586 965 3648 olim
989 3587 1192 3666 abundabant,

139 3691 203 3771 jam
226 3690 265 3753 iis
288 3692 392 3771 erepta
414 3695 487 3766 esl);
511 3691 547 3752 de
571 3691 657 3771 equis
676 3695 706 3754 et
725 3691 794 3756 aliis
813 3692 1096 3774 bonisnonloquer,
1119 3714 1191 3762 nem

145 3797 240 3859 futuri
263 3797 454 3880 spoliatores
478 3816 544 3878 quae
567 3801 755 3878 supererunt,
777 3817 846 3862 mox
868 3799 1016 3864 auferent.
