2694 4582
472 252 515 304 De
534 251 728 318 interrogandi
747 250 847 304 forma.
1132 255 1193 323 167

139 454 252 517 clamat
274 453 314 534 (v.
339 457 402 538 74).
455 453 511 518 Vis
542 458 577 517 ter
608 455 786 531 concretio,
817 454 930 518 audac
959 456 1107 531 corcaien,
1140 476 1195 520 cu·

140 561 259 624 cistris
280 560 432 643 Irrepteri,
467 579 527 643 quo
549 561 616 625 loco
648 561 795 642 scriptura
820 563 1034 626 nonnullorum
1056 565 1195 628 codicum

143 669 200 731 riri
224 672 260 731 tu
282 669 315 732 in
338 669 485 733 editiones
507 669 624 750 aliquot
649 669 784 750 irrepsit,
818 669 966 751 particula
995 689 1053 733 non
1083 673 1195 736 omissa

141 779 203 847 est,
237 795 308 838 nam
341 776 392 838 uis
425 779 461 838 tr
493 775 608 839 orantis
641 774 691 839 vel
721 775 889 858 flagitantis
912 780 974 851 est,
998 778 1055 840 rire
1075 781 1126 856 tre,
1160 783 1194 843 ut

140 882 186 945 ita
220 882 340 956 dimm,
376 882 556 946 admirantis
592 883 623 945 ct
666 882 875 971 improbantis
941 883 1001 947 Ubi
1033 885 1194 950 Juvenalis

139 991 243 1052 autem
267 990 516 1053 exclamationem
528 989 717 1070 indignantis
736 991 784 1053 vel
801 989 1000 1071 improbantis
1022 1011 1076 1074 per
1098 995 1194 1057 inter·

140 1096 329 1178 rogationem
360 1096 489 1180 promit,
523 1097 577 1158 aut
604 1096 785 1176 particulam
818 1117 858 1160 rec
891 1099 1062 1179 pronomini
1093 1104 1129 1163 tu
1160 1101 1192 1164 in

141 1222 264 1293 versus
288 1203 377 1266 initio
409 1203 510 1287 posito
541 1203 688 1291 suffigens
718 1222 788 1266 cum
815 1207 993 1286 contemptu
1026 1207 1195 1290 interrogat

142 1310 215 1390 (VI,
243 1313 317 1375 191:
366 1309 456 1372 Turre
489 1309 601 1384 etium,
635 1328 733 1390 qoam
766 1314 877 1374 sectus
911 1315 941 1375 et
981 1316 1194 1396 octopesr'rnus

142 1436 251 1480 annas
261 1416 391 1491 Patent,
400 1415 656 1492 adtchrcecet)
664 1418 711 1480 vel
724 1418 955 1482 admirationem
964 1422 1102 1484 ascelere
1110 1422 1194 1487 refu·

142 1525 278 1606 gientem
300 1523 444 1608 exprimit
473 1523 544 1599 (VI,
573 1527 634 1589 642
662 1523 751 1588 Tune
784 1524 865 1588 daos
899 1546 978 1603 ano,
1011 1529 1194 1613 srenissimo

140 1633 264 1715 uipera,
289 1629 432 1707 coercui),
455 1633 509 1693 aut
519 1630 669 1712 particula
681 1632 900 1713 interrogativa
921 1633 1033 1697 omissa
1055 1636 1194 1700 futurum

142 1739 270 1821 simplex
292 1739 391 1820 punit:
426 1737 474 1810 ΙΙ,
510 1741 548 1802 21
574 1736 645 1818 Epo
678 1741 708 1801 te
735 1742 891 1802 acuentem
922 1739 1018 1804 Sexte
1039 1742 1194 1806 uerebor?

142 1846 205 1922 ΙΙΙ,
229 1851 267 1912 81
292 1843 350 1908 Me
366 1846 465 1925 prior
487 1844 542 1908 ille
564 1844 727 1925 Sipnobit,
750 1845 812 1923 vel,
836 1847 917 1927 quod
941 1849 1038 1911 rarius
1062 1854 1117 1927 est,
1141 1869 1195 1931 per

142 1953 300 2016 indicativi
323 1953 458 2015 futurum
483 1954 620 2015 exactum
644 1953 688 2014 ita
717 1953 902 2034 interrogat,
937 1955 973 2017 ut
994 1954 1066 2018 huic
1087 1954 1191 2022 futuro

143 2060 327 2142 significatio
361 2059 456 2122 taturi
485 2059 646 2140 praeteritae
680 2059 807 2122 actionis
838 2062 964 2123 eventus
992 2062 1188 2144 subjiciatur:

140 2169 211 2248 ie
246 2167 385 2247 Impune
418 2186 492 2247 erpo
527 2165 607 2228 milri
639 2166 825 2229 recitaverit
851 2150 913 2230 itte
946 2171 1091 2249 topatao,
1125 2170 1193 2235 Hic

142 2262 273 2357 clepus?
316 2273 460 2355 Jrnprcree
498 2273 582 2337 diora
615 2274 851 2352 consumpserit
883 2275 1000 2355 trepens
1037 2276 1195 2358 Telephus

143 2385 209 2458 (etr.
232 2383 317 2464 Virg.
341 2382 417 2445 Aen.
440 2382 494 2453 IX,
519 2384 581 2446 785
610 2379 702 2445 Urias
723 2380 816 2444 leorae
840 2384 954 2445 teritos
981 2387 1109 2466 strupes
1131 2387 1192 2450 irre·

136 2511 230 2572 pune
251 2489 397 2565 ediderit,
421 2489 473 2552 sed
496 2488 581 2552 Ouid.
606 2487 733 2550 Metam.
757 2488 832 2550 VIll
863 2493 925 2554 493
948 2488 1038 2570 Erpo
1061 2493 1195 2572 impune

133 2598 240 2682 seret,
269 2598 301 2660 in
324 2596 400 2660 Aen.
435 2596 467 2658 ΙΙ
489 2615 516 2658 v.
540 2598 598 2660 481
624 2597 754 2675 utraque
775 2594 980 2676 interrogandi
1002 2598 1101 2661 forma
1122 2619 1194 2665 con·

137 2707 249 2789 juncta
269 2704 439 2767 iuvenitur:
463 2701 594 2765 Scilicet
605 2701 671 2764 leoec
694 2703 850 2781 aspiciet.
865 2702 897 2765 ..2
922 2702 1082 2768 Occiderit
1097 2706 1192 2789 ferro

107 2809 108 2812 ’
145 2810 350 2892 Prterierat).
396 2808 450 2872 Ab
461 2808 581 2872 Horatii
593 2811 616 2889 1)
639 2811 741 2872 autem
756 2809 972 2891 indignationis
991 2813 1194 2893 exprimendae

568 3028 850 3034 ...——-—--.
859 3029 871 3033 ..
878 3029 1186 3038 -———-——.„

171 3174 190 3236 ¹)
210 3171 345 3224 Horatius
365 3179 414 3223 aut
432 3170 602 3224 sententiam
621 3185 673 3236 per
693 3169 901 3235 conjunctivum
922 3171 1025 3225 elatam
1044 3173 1193 3239 particulis

214 3266 249 3319 ul,
269 3266 324 3305 utne
342 3255 475 3320 subjicit:
505 3254 590 3322 Fpist
607 3254 628 3319 Ι,
648 3256 695 3316 18,
724 3256 756 3308 16
778 3254 810 3304 Ut
827 3273 873 3305 non
890 3257 922 3305 sit
938 3257 998 3306 mili
1019 3258 1100 3321 primu
1115 3259 1195 3323 sidee3

213 3340 271 3393 Sat.
290 3340 317 3391 II
344 3343 370 3394 5.
391 3342 423 3395 18
445 3339 504 3391 Uene
522 3349 598 3404 tequam
615 3355 701 3403 spurco
719 3339 807 3388 Dama
825 3338 902 3404 larus,
929 3346 979 3392 aut
1002 3342 1193 3396 accusativum
1226 3352 1229 3356 ’

212 3441 274 3476 cum
302 3423 457 3484 infinitivo,
490 3421 633 3490 particula
659 3440 688 3471 ne
714 3420 849 3488 adjuncta
876 3423 921 3475 vel
949 3425 1068 3487 omissa,
1102 3426 1193 3492 ponit:

211 3508 303 3574 Epod.
321 3509 346 3563 8.
366 3509 377 3562 1
399 3507 497 3573 Roqore
515 3507 584 3572 lonqo
598 3505 710 3571 putidum
728 3515 750 3555 tc
766 3506 861 3573 seculo3
878 3506 937 3560 Sat.
950 3508 972 3568 Ι,
991 3509 1016 3575 9,
1034 3497 1070 3564 72'
1085 3510 1195 3561 Huncine

210 3592 283 3642 solem
302 3602 349 3641 tam
367 3593 457 3654 niyrum
476 3608 576 3640 canere
593 3591 660 3641 mili.
697 3589 835 3656 Virgilius
859 3591 1048 3656 posteriorem
1076 3593 1194 3648 formum

213 3679 278 3738 (non
297 3675 431 3742 priorem)
460 3675 500 3727 ita
526 3675 621 3741 ponit,
649 3679 681 3726 ut
705 3692 735 3725 ne
757 3673 886 3742 subjecto
905 3673 1011 3741 affigat:
1030 3679 1102 3730 Aen.
1121 3678 1144 3731 Ι.
1162 3679 1196 3736 37

210 3761 284 3811 Mene
301 3761 391 3825 incepto
408 3759 521 3810 decutere
538 3760 623 3809 victam
643 3758 692 3810 cii.
709 3759 738 3823 Ι,
758 3759 790 3814 97
808 3758 864 3824 (vel
881 3777 909 3810 aa
933 3759 1068 3826 adjuncto
1086 3762 1195 3817 finitum

214 3853 324 3910 tempus
352 3843 445 3910 pouit:
473 3843 502 3907 Ι,
531 3845 564 3898 ΔΒ
588 3843 706 3893 Pallasne
732 3860 830 3893 exurere
855 3843 954 3893 classem
983 3848 1099 3911 Arpivum
1125 3856 1195 3912 atquae

211 3930 279 3993 ipone
295 3929 374 3993 potuit
397 3929 543 3992 submerqere
563 3927 660 3993 ponto);
680 3926 795 3980 Ovidius
820 3941 837 3978 u
859 3928 1000 3994 particula
1024 3948 1056 3978 an
1078 3929 1120 3981 vel
1140 3948 1195 3996 erpo
1272 3933 1274 3937 ’

214 4011 303 4064 talem
321 4011 572 4078 interrogationem
592 4011 718 4077 incipere
743 4017 830 4064 amat:
849 4011 916 4065 Met.
927 4012 989 4079 Vll,
1008 4015 1057 4070 485
1076 4017 1116 4064 An
1127 4014 1195 4078 felic

210 4096 305 4147 demeris
322 4105 379 4147 nuto
396 4096 484 4147 viane
493 4097 601 4161 fruetur.
