2694 4582
582 297 625 348 De
645 297 750 363 ellipsi.
995 288 996 291 ’
1128 304 1182 363 1⁶21

145 519 218 565 sane
235 501 312 564 illud
332 503 368 564 de
385 501 483 582 prima
503 504 534 564 et
553 502 590 564 ob
610 500 735 563 barbam
752 501 807 564 deo
825 505 1035 565 consecratam
1050 502 1191 565 sollemni

143 610 270 672 tonsura
308 609 441 689 dicatur,
480 609 516 670 de
554 608 729 690 quotidiana
759 608 818 671 dici
846 610 895 672 vir
919 612 1031 690 potest.
1080 609 1192 672 Versus

148 717 313 782 185-186
336 734 395 778 non
428 733 555 779 aservo
583 715 635 780 sed
664 715 701 779 ab
731 715 887 779 Umbricio
924 716 1084 795 dicuntur,
1120 733 1191 778 nam

145 823 245 895 verba,
267 842 335 904 quae
358 825 430 886 sunt
450 822 507 886 a‘lle
528 825 632 895 nectat,
657 824 709 886 ba'c
737 822 892 902 deponit,
916 823 1013 886 eidem
1037 841 1122 886 servo
1145 825 1193 886 at-

146 930 238 993 tribui
260 947 318 993 non
341 933 483 1011 possunt,
512 933 543 993 et
567 931 634 1012 quis
657 932 778 1009 credat,
808 949 930 994 servum
953 930 1131 993 Veientonis
1156 930 1192 992 de

146 1037 248 1101 clauso
279 1037 392 1101 domini
421 1037 532 1101 labello
561 1039 599 1100 ad
629 1038 772 1102 clientem
800 1039 884 1120 loqui
906 1037 1053 1120 potuisse.
1099 1039 1194 1100 Poeta

146 1144 227 1208 fictis
258 1163 412 1208 servorum
440 1146 539 1208 verbis
572 1146 685 1209 salsam
712 1146 882 1209 irrisionem
917 1145 1090 1215 immiscet:
1128 1144 1195 1224 ipsa

147 1252 228 1316 enim
249 1253 356 1316 verba,
379 1270 437 1315 non
461 1270 581 1315 servum
603 1252 697 1334 loqui,
721 1254 796 1316 satis
810 1251 936 1316 docent.
973 1254 1007 1315 ln
1034 1251 1195 1315 verborum

146 1358 266 1439 Acccpe
289 1363 318 1422 et
339 1359 430 1422 estad
443 1359 653 1423 Fermentcrn
675 1360 735 1422 taba
748 1360 827 1425 lande
846 1360 1034 1424 enarratione
1057 1378 1106 1422 res
1128 1376 1196 1421 ver-

147 1466 238 1547 titur:
272 1468 338 1530 haec
366 1469 468 1530 autem
498 1459 589 1530 verba
622 1487 681 1548 quo
711 1469 801 1531 modo
830 1471 1021 1531 enarrantur:
1056 1465 1137 1528 uadi
1165 1469 1196 1528 et

148 1573 233 1637 banc
253 1575 313 1636 a'rce
335 1593 486 1636 caussam
509 1575 568 1637 tibi
590 1575 679 1644 bate,
704 1575 835 1638 enarrari
859 1594 916 1637 non
934 1579 1071 1655 possunt.
1104 1572 1196 1654 Apud

148 1681 291 1746 Plautum
319 1683 418 1757 homo,
450 1686 486 1745 ut
519 1683 604 1745 cibus
638 1683 675 1745 ob
709 1684 893 1745 fermentum
925 1681 1100 1744 immixtum
1134 1679 1196 1742 fer·

148 1792 215 1866 vet,
249 1790 294 1852 ira
317 1795 440 1853 tumens
474 1791 522 1852 »in
545 1789 694 1854 fermento
712 1790 830 1872 jacere,
866 1808 952 1852 esse«
984 1787 1109 1862 dieitur,
1144 1787 1197 1850 sed

149 1914 301 1978 nusquam
322 1897 380 1961 hoc
402 1897 627 1960 substantivum
655 1897 708 1959 irae
731 1916 869 1960 caussam
892 1896 1061 1978 significat,
1100 1911 1197 1975 neque

149 2022 277 2084 usquam
301 2006 380 2085 apud
402 2024 501 2068 aureae
525 2023 619 2085 neque
643 2009 794 2086 argenteae
823 2004 925 2067 atatis
954 2005 1118 2084 scriptores
1140 2003 1198 2064 hac

150 2109 372 2191 significatione
396 2113 530 2193 positum
552 2113 722 2187 invenitur,
747 2115 778 2174 et
800 2112 878 2193 apud
899 2112 1043 2174 Persium
1066 2111 1102 2187 (l,
1127 2112 1195 2184 24);

155 2218 223 2298 Quo
247 2217 413 2295 didicisse,
448 2220 516 2282 nisi
538 2219 595 2282 boc
609 2218 809 2301 fermentum
832 2223 861 2282 et
884 2238 956 2299 qnce
984 2217 1080 2282 semel
1107 2219 1199 2280 aaron

151 2325 278 2389 Intacta
300 2331 347 2390 est
369 2330 465 2406 rapto
482 2328 592 2406 jecore
614 2329 731 2390 canterat
753 2328 926 2410 caprificus
950 2328 987 2390 de
1010 2345 1044 2388 eo
1067 2325 1199 2406 ponitur,

153 2435 241 2515 quod,
264 2436 299 2497 ut
321 2435 353 2497 in
375 2434 441 2497 cibo
466 2435 658 2507 fermentum,
681 2435 765 2498 intus
788 2434 936 2498 contineri
953 2434 1067 2514 nequit,
1092 2450 1200 2513 quam-

153 2541 257 2604 obrem
280 2543 336 2606 boc
359 2542 582 2605 substantivum
608 2561 671 2605 rem
694 2541 900 2623 (materiam),
924 2560 990 2621 quae
1014 2540 1200 2621 indignatio-

153 2667 223 2711 nem
246 2651 278 2712 et
299 2649 356 2713 alit
377 2653 409 2711 et
430 2649 553 2729 promit,
576 2667 635 2712 non
657 2649 709 2712 irae
723 2667 870 2719 caussam,
888 2648 1064 2730 significare
1088 2648 1197 2728 potest.

153 2756 364 2836 Imperatinus,
398 2755 449 2836 qui
472 2759 518 2819 est
541 2757 665 2835 occape,
689 2759 720 2818 et
743 2775 795 2837 pro
819 2755 899 2818 andi
921 2752 1200 2834 <X111,120,V11,

133 2868 205 2936 36,
228 2864 293 2939 XV,
317 2865 371 2946 31)
396 2864 517 2936 dicitur,
552 2866 583 2925 et
605 2866 653 2926 est
675 2863 775 2926 dantis
797 2866 833 2926 ut
854 2864 886 2926 in
909 2863 1010 2926 satirae
1034 2863 1150 2942 quartae
1172 2880 1200 2922 v.

155 2973 212 3047 65,
245 2970 297 3034 ubi
319 2970 452 3052 piscator
476 2970 648 3034 Domitiano
681 2971 890 3034 admirandum
920 2969 1009 3032 illum
1040 2968 1203 3031 rhombum
1293 3019 1297 3025 .

155 3079 294 3142 tradens:
328 3078 461 3158 Accipe,
486 3077 579 3153 clare,
602 3078 749 3158 priuatis
777 3079 907 3140 maiora
922 3076 1012 3158 focis
1042 3075 1108 3140 lcfr.
1132 3075 1201 3140 VII.

156 3187 228 3260 243,
246 3189 315 3261 165,
339 3185 419 3249 XlV.
437 3188 505 3262 191Ἱ
532 3187 601 3248 Hor.
619 3184 680 3248 Sat.
696 3187 735 3259 H,
759 3190 787 3258 3,
808 3187 876 3265 66);
901 3184 982 3247 bade
1005 3183 1066 3245 tlon·
1089 3201 1104 3244 e
1128 3200 1202 3262 quo-

156 3293 272 3356 tidiano
306 3311 443 3356 sermone
472 3297 628 3374 sumptum
658 3298 689 3354 et
711 3292 878 3355 recusantis
910 3295 957 3355 est
991 3295 1026 3353 ut
1047 3290 1080 3352 in
1109 3291 1204 3353 satira

157 3401 271 3481 quinta.
295 3399 347 3462 ubi
368 3399 512 3462 Alledius
536 3399 647 3463 Africae
671 3400 858 3462 frumentum
889 3403 1087 3461 contemnens
1110 3401 1203 3478 atquc
1314 3433 1318 3442 -

66 3514 69 3519 “
157 3507 264 3570 tubera
285 3525 410 3588 poscens
434 3509 499 3569 baec
521 3507 610 3570 dicit:
638 3506 710 3568 Tibi
732 3488 812 3569 bade
826 3505 1031 3588 framentum
1054 3503 1204 3586 OLa‘bpe,
1279 3555 1281 3560 .

158 3614 310 3695 disjcnpe
321 3613 507 3693 beocardum
519 3614 632 3677 tabern
644 3615 765 3686 mittas
779 3618 810 3676 et
822 3617 869 3676 est
881 3613 992 3689 dantis,
1006 3611 1205 3694 quamobrem

159 3723 267 3803 accape
289 3725 318 3785 ct
341 3723 400 3784 tibi
418 3721 499 3785 tabe
521 3721 652 3784 formula
675 3723 707 3783 in·
725 3722 822 3784 dando
836 3721 952 3784 usitata
974 3720 1068 3783 luisse
1082 3719 1203 3782 videtur

160 3828 226 3910 (tog
249 3847 287 3908 og
308 3829 439 3902 behold).
492 3829 650 3892 Dollenius
679 3830 757 3891 lranc
784 3827 927 3891 orationis
957 3826 1204 3890 distributionem

159 3937 317 4019 amplexus
329 3956 395 4000 esse
408 3937 541 3999 videtur:
565 3933 678 3999 Omnia
688 3937 793 3999 Rome
807 3955 876 3998 cum
894 3935 1003 4016 pretio.
1038 3935 1206 3997 Patronum

160 4045 208 4108 die
230 4045 308 4108 festo
331 4045 499 4108 salutatum
526 4043 673 4106 venimus.
718 4041 827 4106 Servus
854 4042 886 4104 in
915 4043 992 4105 atrio
1024 4043 1080 4103 est.
1127 4039 1207 4118 Quid

161 4154 224 4229 das,
246 4157 281 4217 ut
304 4152 431 4217 Cossum
453 4151 613 4232 aliquando
637 4151 775 4214 salutes?
803 4149 882 4228 Quid
906 4151 975 4224 das,
998 4151 1034 4211 ut
1056 4151 1087 4211 te
1110 4147 1207 4227 respi-
