2686 4596
505 274 548 326 De
567 274 715 342 particulis
736 273 911 340 copulativis.
1184 279 1225 342 89

178 494 238 559 quo
257 478 348 541 codex
369 477 558 540 Pithoeanus
582 480 782 541 eontroetnnr
816 477 915 557 habet,
951 479 1096 542 mendum
1128 479 1225 543 latere

177 587 287 665 potest,
310 602 383 648 nam
404 585 440 647 de
462 586 553 664 ponte
575 584 607 647 in
629 583 827 665 Hellesponto
851 584 958 665 juncto
981 603 1091 657 sermo
1104 588 1160 662 est,
1195 589 1228 650 et

176 690 227 754 hie
247 708 322 772 pons
344 691 462 755 Atheni
483 691 618 772 perfosso
642 691 810 772 opponitur,
845 691 898 753 sed
928 709 1012 754 mare
1036 695 1225 757 constratum

90 794 93 798 ’
180 801 228 862 est
250 817 333 862 mare
355 816 466 879 magna
487 799 610 861 navium
633 797 830 861 multitudine
853 799 1002 879 opertum,
1036 818 1134 880 neque
1156 818 1225 864 ver·

132 918 143 967 .·
176 900 248 968 bum
271 905 486 969 eonsarnenci
510 907 546 968 de
569 909 659 986 ponte
677 905 835 986 jungendo
858 904 928 985 poni
952 905 1030 968 solet
1053 907 1144 987 (apud
1159 907 1227 971 Cae-

178 1029 277 1075 sarem
299 1010 334 1074 in
356 1011 427 1075 bell.
440 1011 519 1077 Gall.
543 1013 563 1075 l.
586 1011 672 1093 vlu,
701 1031 725 1075 e.
743 1015 788 1086 14,
813 1015 834 1076 4
856 1011 909 1075 ubi
924 1012 1083 1091 pontione
1099 1013 1226 1094 palade

177 1121 346 1183 constrata
367 1120 491 1201 legitur,
512 1120 571 1183 hoc
592 1119 718 1182 verbum
741 1120 777 1181 de
792 1118 882 1182 rebus
894 1120 1022 1201 singulm
1034 1121 1225 1203 dissipandis

178 1225 287 1307 quibus
309 1226 423 1308 aliquid
446 1226 609 1308 obtegitur,
641 1228 722 1289 recte
750 1227 885 1309 dicitur).
919 1246 978 1308 qua
1006 1228 1226 1310 significatione

176 1351 237 1396 non
257 1333 359 1397 solum
379 1335 530 1415 pedestris
553 1333 696 1398 orationis
711 1334 873 1414 scriptores
885 1353 992 1398 venam
1017 1335 1113 1398 etiam
1127 1338 1226 1416 poetae

179 1440 333 1503 sternendi
368 1441 496 1505 verbum
529 1459 640 1522 ponere
674 1440 781 1513 solent,
804 1445 836 1505 et
859 1442 895 1504 de
917 1442 983 1522 ipsc
1005 1441 1112 1505 Xerxis
1135 1445 1228 1522 ponte

179 1545 237 1609 hoc
258 1547 387 1611 verbum
409 1551 457 1611 ter
479 1548 610 1629 positum
642 1548 811 1612 invenitur:
845 1550 923 1630 apud
947 1549 1023 1612 Iust.
1047 1549 1088 1620 Il,
1114 1552 1161 1627 10,
1186 1552 1226 1614 24

143 1696 154 1713 .
182 1651 336 1733 Qnaedurn
368 1656 478 1718 onorio
504 1656 664 1735 pontibus
696 1656 879 1734 sternebct;
915 1656 1036 1719 Lucret.
1061 1656 1115 1732 III,
1146 1659 1227 1722 1043
1281 1712 1287 1727 .

184 1758 280 1823 Viam
300 1761 358 1840 qni
375 1761 539 1842 qnondam
555 1783 619 1843 per
641 1783 732 1826 rnure
747 1762 1052 1845 rnnpnnnrstrocit,·
1075 1761 1176 1837 Sidon,
1190 1762 1226 1839 V,

181 1865 306 1931 Xerses
327 1868 489 1932 tnrnidus
529 1890 626 1950 qnnnr
665 1874 823 1936 sterneret
855 1870 973 1934 andos.
1034 1870 1104 1934 Non
1137 1869 1227 1952 pauci

179 1973 297 2038 codices
331 1993 384 2055 pro
419 1981 621 2040 constrctnrn
654 1979 768 2042 habent
801 1998 900 2058 qnnrn
929 1981 1072 2041 strntnrn
1128 1976 1159 2041 si
1182 1977 1227 2040 sic

178 2079 323 2162 legimus,
359 2100 481 2158 caussa,
519 2103 573 2148 cur
606 2085 749 2150 ereditnr
781 2105 834 2167 per
867 2085 1028 2149 eredimus
1061 2086 1226 2166 repetatur,

178 2185 310 2270 apparet,
333 2193 428 2270 epoto
442 2191 588 2274 stnrnino
611 2194 642 2255 et
658 2213 729 2272 pnce
741 2192 913 2256 Sostratus
935 2195 1049 2256 contat
1070 2191 1227 2254 mendacia
1278 2221 1280 2227 ·

178 2295 305 2361 Graeciae
315 2295 401 2369 fiunt,
425 2299 492 2362 haec
514 2300 681 2380 posteriora
702 2301 794 2363 verba
816 2320 885 2363 cum
909 2300 1112 2382 superioribus
1136 2297 1227 2379 qnid

179 2403 259 2484 qnid
284 2402 414 2468 &ceeia
434 2405 575 2470 menduc
598 2407 696 2470 undet
718 2407 749 2470 in
761 2408 892 2488 gratiam
904 2409 1040 2479 redeunt
1062 2411 1151 2488 poeta
1175 2407 1228 2470 de-

178 2511 270 2592 nique
302 2511 400 2592 ipsam
434 2513 654 2594 expeditionem
689 2515 801 2577 tactam
836 2532 902 2576 esse
935 2532 995 2576 non
1028 2517 1136 2595 negat,
1174 2514 1227 2577 sed

179 2618 290 2682 mmtas
312 2619 383 2682 illas
406 2620 533 2695 fabulas,
557 2641 624 2702 quae
648 2621 684 2683 de
708 2638 742 2683 eo
765 2619 946 2683 ferebantur.
971 2621 1095 2694 deridet,
1120 2621 1227 2701 etipsa

179 2726 327 2808 expeditio
348 2726 456 2802 verbis,
479 2747 547 2809 quae
564 2730 635 2791 sunt
657 2748 756 2808 qnnnr
777 2731 920 2790 strntnrn
943 2726 1104 2791 classidas
1127 2727 1229 2790 tsdenr

180 2833 455 2915 Snpposttnrnqne
476 2836 558 2898 rotis
579 2835 721 2898 solident
742 2855 840 2913 enare,
865 2834 1051 2916 exprimitur.

264 2941 301 3003 In
324 2941 415 3004 satira
440 2943 627 3016 duodecima,
662 2943 714 3005 ubi
743 2946 833 3024 poeta
856 2942 970 3007 Catulli
992 2942 1023 3004 in
1046 2941 1124 3004 mari
1148 2941 1229 3022 peri-

180 3047 282 3112 eulum
316 3047 469 3125 describit,
504 3067 592 3129 quem
625 3050 726 3112 locum
754 3051 869 3132 primus
892 3049 1029 3114 omnium
1051 3047 1229 3128 Madvigius

180 3148 339 3235 enarravit,
362 3156 428 3218 haec
450 3175 468 3220 a
492 3160 572 3220 1130
594 3157 709 3236 scripta
733 3160 818 3221 sunt:

247 3307 352 3387 annr
368 3305 490 3388 ptenns
504 3307 612 3390 pineta
634 3309 759 3372 nredins
778 3308 864 3390 soret
887 3306 999 3371 nivens
1022 3311 1062 3382 et,
1078 3307 1153 3388 jorn

243 3413 417 3478 Alternnnr
433 3416 560 3496 puppis
584 3415 672 3479 totns
696 3417 908 3480 evertentibus
930 3414 1031 3478 nnciis

244 3521 384 3585 Arboris
406 3525 544 3598 incertos,
568 3523 695 3587 nnitorn
710 3523 892 3604 prodentia
915 3522 1051 3586 eunt...
1083 3613 1084 3617 Ἰ

181 3691 232 3756 Sic
246 3691 422 3774 Madvigius
435 3691 597 3756 Schmidtii
616 3693 843 3757 distinctionem
867 3714 900 3758 ex
922 3711 1015 3775 prava
1037 3690 1229 3755 enarratione

181 3800 350 3882 profectam
373 3801 500 3863 laudans
523 3800 712 3864 scribendum
738 3819 803 3864 esse
826 3803 939 3864 censet.
982 3800 1018 3862 In
1040 3797 1228 3862 vexatissimi

180 3906 273 3970 huius
305 3907 363 3970 loci
387 3908 575 3971 enarratione
599 3906 753 3988 Madvigio
775 3910 857 3971 certe
880 3906 1149 3989 obtemperandum
1171 3906 1229 3980 est,

182 4018 214 4077 et
238 4014 480 4095 quiopinionem
506 4015 571 4079 eius
594 3999 730 4077 refellere
753 4016 907 4088 conantur,
940 4013 1017 4077 nihil
1040 4014 1144 4094 agunt,
1175 4009 1229 4073 sed

102 4181 104 4183 ,
181 4121 337 4185 distinctio
360 4119 520 4186 Sclrmidtii
550 4121 770 4186 dubitationem
793 4123 900 4200 movet,
925 4123 956 4184 et
979 4138 1063 4201 paene
1086 4119 1229 4196 adducor,
