2694 4582
150 298 212 362 190
360 295 403 347 De
424 294 609 363 congruentia
627 290 750 360 subjecti
769 292 798 347 et
816 293 973 362 praedicati.

147 498 229 572 loco,
253 515 438 579 quamquam
460 497 625 580 singularis
647 497 792 579 adjectivi
814 515 959 562 numerus
982 499 1073 580 priori
1096 517 1199 563 mem-

146 603 200 669 bro
222 605 415 686 antepositus
438 608 501 680 est,
535 605 660 668 verbum
694 604 913 668 enunciatiouis
935 606 1046 686 plurali
1070 625 1200 671 numero

146 711 283 801 effertur:
313 711 375 792 XI,
411 713 472 776 135
493 711 540 773 At
572 731 643 775 mea
669 710 783 774 Cicilia
806 714 836 773 et
858 709 1015 775 Lachesis
1047 712 1197 795 gaudeat

145 819 230 899 (Hor.
254 817 292 882 A.
311 819 344 880 P.
367 821 427 884 401
452 817 603 899 Iusipuie
625 817 789 881 Homerus
814 817 1026 899 Turtmusque
1048 821 1199 900 emacuit,-

145 925 231 1008 Virg.
255 924 333 988 Aen.
356 925 385 1000 Ι,
422 928 483 990 144
510 924 682 1007 Ouucoiioe
714 924 814 988 simui
847 929 878 989 et
903 925 1019 989 Tritou
1051 925 1220 1010 aduinus.

144 1030 364 1113 Detruduut),
388 1034 420 1095 et
433 1032 628 1096 memorabile
641 1033 812 1113 exemplum
834 1032 918 1096 locus
941 1033 1065 1114 prabet,
1088 1033 1198 1114 quiin

144 1139 238 1203 satira
270 1139 332 1202 XII
367 1157 386 1200 a
419 1159 444 1201 v.
468 1141 510 1205 98
540 1138 584 1202 sic
613 1139 744 1221 scriptus
779 1141 842 1201 est:
889 1138 1018 1203 Seuiire
1050 1139 1195 1204 calorem

148 1244 187 1310 Si
209 1245 315 1326 coepit
338 1243 480 1325 locuples
506 1244 635 1310 Gallita
656 1249 686 1310 ei
708 1245 848 1309 Paccius
870 1245 956 1320 orbi,
986 1247 1039 1310 ubi
1061 1247 1120 1311 duo
1143 1247 1197 1311 ad-

139 1352 273 1434 jectiva,
308 1369 492 1433 quamquam
513 1356 677 1434 utrumque
701 1371 805 1416 eorum
827 1353 864 1416 ad
888 1354 1051 1434 utrumque
1074 1353 1197 1436 subjec-

143 1461 211 1523 tum
232 1458 379 1534 refertur,
402 1459 446 1522 ita
469 1459 708 1539 distribuuntur,
741 1462 777 1523 ut
810 1459 942 1523 alterum
964 1459 1114 1542 singulari
1137 1479 1196 1522 nu-

143 1585 227 1630 mero
249 1565 385 1647 positum
409 1565 553 1648 subjectis
585 1566 805 1647 praemittatur,
838 1567 965 1648 pluralis
987 1567 1114 1630 alterius
1136 1586 1196 1631 uu·

141 1691 246 1737 merus
267 1672 306 1735 iis
329 1675 542 1754 postponatum
576 1674 628 1736 sed
652 1674 812 1737 sententiae
841 1673 954 1748 forma
988 1693 1057 1755 quae
1079 1678 1127 1737 est
1150 1672 1195 1736 io-

142 1779 251 1861 cupiec
278 1778 407 1844 Gallita
437 1783 467 1843 ei
488 1778 644 1855 Paccius,
679 1781 731 1844 ubi
753 1781 836 1844 verbi
859 1781 1024 1862 singularis
1047 1799 1194 1845 numerus

141 1887 305 1968 praecedit,
339 1906 408 1949 cum
431 1888 528 1966 poetae
550 1886 693 1967 loquendi
715 1907 772 1951 usu
795 1888 950 1970 congruit,
981 1890 1012 1951 ct
1034 1887 1196 1952 iuvenalis

142 1993 345 2076 adJectivum
381 1994 459 2074 quod
482 1997 530 2056 est
553 1994 638 2074 orii,
673 1995 849 2076 adjunctum
884 2012 919 2057 ea
952 1992 1053 2058 torma
1083 1995 1194 2080 posuit,

142 2119 202 2182 qua
237 2100 420 2181 adjectivum
456 2099 582 2162 duorum
617 2100 878 2165 substantivorum
913 2119 1072 2165 commune
1100 2104 1195 2182 atquo

141 2205 180 2270 iis
205 2207 410 2288 postpositum
434 2205 593 2287 designare
617 2208 703 2270 solet.
750 2208 879 2270 Insolito
901 2213 949 2271 est
971 2207 1064 2270 otiam
1088 2226 1124 2270 ea
1144 2206 1193 2271 lo-

140 2313 253 2397 quendi
282 2315 396 2392 torma,
432 2331 499 2393 quae
533 2304 622 2377 modo
655 2313 686 2376 in
720 2316 776 2377 sat.
805 2313 878 2377 XIV
908 2334 935 2376 v.
960 2317 1001 2380 33
1022 2314 1193 2379 invenitur:

144 2418 239 2484 ‘Uuus
269 2424 299 2484 ei
328 2419 413 2484 aiter
435 2418 596 2483 Forsitau
619 2420 685 2483 icco
706 2423 865 2501 speruaut
881 2421 1019 2501 juceacc
1041 2421 1094 2483 cfr.
1119 2421 1193 2484 Hor.

140 2524 200 2590 Sat.
229 2527 253 2602 Ι,
277 2531 306 2604 5,
340 2530 381 2594 28
403 2527 508 2591 Missi
539 2528 670 2608 ucapuis
704 2527 742 2589 de
775 2528 870 2590 rebus
904 2531 1039 2608 uterque
1060 2526 1192 2608 Lepore,
1252 2574 1254 2579 ⁴

141 2634 192 2714 qui
216 2634 337 2697 Horatii
373 2636 458 2699 loeus
481 2653 516 2698 eo
542 2629 772 2697 insolentiorum
795 2634 937 2714 loquendi
959 2633 1088 2698 formam
1110 2653 1189 2714 pree-

141 2739 203 2816 bet,
226 2741 305 2822 quod
327 2741 377 2804 hic
399 2746 488 2823 poeta
512 2741 606 2804 etiam
629 2742 665 2803 de
688 2741 803 2804 duabus
826 2740 963 2821 personis
985 2741 1098 2822 plurali
1119 2759 1193 2828 pro·

142 2847 291 2921 nominis,
326 2849 404 2928 quod
428 2850 476 2910 est
496 2851 640 2927 uterquc,
664 2865 789 2909 numero
812 2846 932 2909 utitur:
967 2844 1029 2909 Sat.
1054 2848 1076 2912 1.
1101 2850 1130 2927 8,
1144 2836 1198 2912 ²25

142 2953 261 3017 Paiior
289 2957 448 3034 utrasque
469 2953 608 3017 Fecerat
636 2953 816 3016 horrearius
839 2957 949 3033 aspect
974 3003 980 3016 .
1013 3000 1018 3007 ,
1040 2953 1099 3017 Ubi
1121 2953 1195 3016 sub-

144 3061 312 3124 stantivum
335 3059 529 3124 collectivum
554 3063 713 3142 praeoedit,
749 3061 875 3124 verbum
898 3060 1045 3142 singulari
1067 3079 1194 3123 numero

145 3167 245 3230 efferri
280 3166 375 3242 solet,
410 3170 441 3229 et
474 3167 561 3230 modo
595 3167 713 3230 duobus
746 3167 837 3241 loric,
866 3167 918 3230 ubi
952 3166 1075 3248 longius
1097 3170 1196 3229 retra-

144 3274 237 3349 hitur,
261 3273 372 3353 plurali
384 3292 510 3336 numero
534 3274 668 3355 positum
691 3274 859 3337 invenitur:
882 3273 947 3350 XV,
971 3276 1012 3338 38
1029 3271 1094 3336 Sed
1115 3276 1194 3336 teru-

137 3358 222 3460 pore
264 3378 344 3454 festo
379 3379 529 3443 Alterius
555 3380 676 3461 popuii
707 3379 870 3460 rapienda
910 3380 1034 3443 occasio
1069 3381 1196 3443 cuuciis
1262 3436 1267 3445 .

150 3485 231 3551 Visa
253 3488 462 3550 iuimicoruuc
477 3487 683 3568 primoribus
705 3495 749 3549 ac'
770 3486 915 3565 ducibus
938 3507 979 3550 ue
1000 3485 1127 3550 Lectum
1149 3486 1196 3550 ici-
1233 3560 1239 3573 ι

145 3593 311 3673 laremque
334 3593 425 3670 dieue,
448 3614 489 3658 ue
510 3614 633 3675 mapua
653 3593 779 3675 paudia
792 3613 896 3657 coeam
915 3593 1090 3675 Senticam,
1115 3614 1141 3656 v.
1154 3597 1196 3660 98

147 3701 242 3766 Sicut
275 3700 367 3763 mocio
402 3701 490 3764 dicta
519 3700 600 3764 miii
620 3720 700 3782 peus
722 3700 804 3762 Posi
826 3719 936 3764 omues
958 3700 1088 3778 herbas,
1117 3703 1197 3780 post

147 3812 266 3872 caucia
300 3807 477 3883 animatia,
512 3808 673 3888 quidquid
698 3807 838 3888 Oopeiai
870 3807 968 3870 uacui
997 3808 1121 3871 ceutria
1135 3805 1196 3889 fu·

147 3936 206 3979 ror
229 3965 236 3978 .
260 3965 265 3977 .
289 3914 474 3990 comeduut,
498 3915 608 3996 quibus
631 3917 705 3979 locis
729 3934 763 3978 ex
786 3915 879 3978 satira
902 3919 986 3978 sexta
1008 3916 1034 3978 is
1057 3914 1196 3990 fortasse,

145 4024 195 4105 qui
220 4043 238 4086 a
261 4044 289 4086 v.
314 4025 377 4089 646
401 4022 445 4087 sic
467 4023 596 4104 scriptus
619 4023 746 4103 legitur:
769 4021 886 4084 Miuor
907 4021 1084 4084 admiratio
1107 4039 1196 4082 suru-

144 4131 208 4193 ruis
230 4129 375 4193 Debetur
397 4131 563 4205 mauricio,
588 4129 712 4209 quoties
731 4127 816 4208 facit
837 4122 892 4191 ir'a
915 4132 1079 4192 uoeeuteru
1097 4127 1198 4190 Hauc
