2694 4582
149 285 192 351 30
434 281 478 333 Do
498 279 631 333 liberiore
651 277 798 332 verborum
815 278 921 346 positu.

148 486 230 550 inter
263 483 416 548 notionem
452 482 548 547 villici
581 486 613 545 et
644 481 780 563 prefecti
812 481 996 555 intercedat,
1030 481 1207 563 Madvigius

148 593 250 668 docet,
286 594 317 655 et
339 590 516 673 particulam
548 609 742 673 quamquam
769 608 828 651 non
857 607 927 652 oum
953 587 1043 651 verbo
1059 588 1205 667 patabat

148 700 202 764 sed
225 718 299 763 oum
321 698 406 761 diris
429 697 627 777 temporibus
645 696 835 778 Jungendam
858 713 933 768 esse,
945 695 1010 777 jam
1033 695 1102 758 inde
1125 695 1203 760 satis

148 805 258 883 elucet,
297 806 376 887 quod
406 805 472 867 haec
499 804 649 885 particula
671 805 749 885 apud
772 803 952 867 ,Iuvenalem
974 796 1202 883 conjunctivum

147 913 232 977 verbi
254 913 380 976 modum
404 911 535 975 asciscit.
581 910 696 974 Versus
728 910 825 992 igitur
859 909 929 991 ejici
958 909 1073 991 nequit,
1103 927 1200 991 noque

147 1019 310 1102 quidquam
325 1019 357 1082 in
369 1018 477 1093 verbis,
501 1036 569 1098 quae
589 1021 674 1081 sunt:
697 1016 794 1080 Arane
816 1016 912 1080 aliud
933 1020 1009 1080 tanc
1024 1015 1203 1099 prefecti?

147 1144 165 1191 a
188 1125 349 1192 Juvenalis
372 1124 490 1190 dicendi
512 1143 621 1204 genere
645 1124 799 1197 abhorret;
833 1125 983 1204 particula
1011 1124 1092 1187 enim
1114 1143 1201 1187 aare

146 1233 178 1298 in
216 1233 370 1298 sententia
405 1231 585 1313 simpliciter
618 1232 825 1312 interrogante
855 1233 946 1313 atque
970 1249 1037 1294 oum
1061 1231 1201 1294 irrisione

147 1341 278 1423 quadam
302 1339 465 1421 conjuncta
494 1337 606 1419 saepius
628 1337 759 1419 ponitur,
794 1343 824 1402 ot
857 1338 1113 1419 quemadmodum
1147 1337 1198 1402 hio

146 1447 245 1512 brevis
268 1447 465 1527 interrogatio
487 1464 597 1509 nexum
625 1445 767 1508 orationis
790 1445 993 1527 interrumpit,
1028 1445 1073 1508 sic
1094 1445 1127 1507 in
1149 1463 1200 1508 sa-

145 1555 204 1619 tira
239 1555 369 1636 septima
403 1557 440 1636 (v.
464 1556 535 1636 199)
570 1553 676 1616 eadem
710 1553 809 1616 forma
841 1553 980 1616 occurrit.
1040 1551 1200 1616 Sententia

145 1661 241 1745 igitur
253 1661 390 1738 relativa,
415 1680 481 1741 quae
504 1659 608 1741 paullo
633 1660 737 1722 durius
760 1679 827 1722 oum
851 1659 1089 1740 interrogatione
1113 1663 1198 1723 extra

145 1787 257 1833 nexum
291 1767 435 1832 orationis
469 1768 629 1848 interjecta
666 1767 826 1848 conjuncta
859 1770 919 1837 est,
957 1769 993 1830 ut
1025 1767 1199 1849 subjectum

146 1875 378 1948 desideraretur,
403 1874 512 1952 effecit,
537 1875 734 1955 quamobrem
755 1874 850 1951 locus,
885 1879 1041 1954 tamquam
1075 1874 1200 1938 vocibus

145 1983 242 2046 Areae
265 1981 360 2045 eliud
381 1985 458 2044 torre
473 1979 649 2064 praefecti?
686 1981 806 2044 omissis
829 1983 920 2062 poeta
942 1980 984 2043 sic
1010 1981 1200 2062 scripsisset:

146 2089 296 2170 Pegasus
318 2090 467 2152 attonitae
482 2089 615 2168 positos
638 2087 729 2151 modo
752 2087 883 2150 cillicae
904 2088 988 2163 arbi,
1013 2089 1120 2170 qoi—
1133 2108 1196 2167 pu-

147 2196 247 2271 tabat,
272 2190 457 2260 ennarrandus
481 2198 536 2272 cst,
560 2199 591 2258 et
607 2195 727 2278 signum
743 2195 1198 2276 postsaractr'ssr‘rrrospositum

143 2302 324 2368 tollendum.
353 2304 464 2367 Restat
475 2302 613 2384 quaestio,
637 2320 696 2383 qua
718 2303 862 2366 commoti
883 2303 981 2366 locum
1006 2301 1197 2383 protulimus

144 2414 252 2474 utrum
276 2411 416 2491 optimas
439 2430 491 2492 pro
515 2409 630 2492 optimo
653 2410 715 2473 viro
739 2410 868 2490 positum
899 2411 940 2473 sit
969 2427 1008 2472 an
1031 2429 1099 2472 eum
1123 2409 1195 2472 sub-

144 2517 289 2594 stantivo,
325 2519 404 2599 quod
437 2520 485 2581 est
513 2519 684 2598 interpres
718 2517 861 2600 conjungi
883 2517 999 2592 debeat,
1028 2518 1081 2579 scd
1104 2535 1198 2597 quum

144 2643 293 2711 nusquam
317 2625 392 2688 alibi
416 2626 651 2698 substantivum,
685 2627 723 2688 ad
756 2625 834 2706 quod
862 2627 920 2688 duo
946 2624 1093 2705 adjectiva
1116 2622 1196 2686 refe·

144 2735 264 2809 rantur,
298 2732 378 2796 inter
408 2733 588 2814 particulam
613 2732 817 2814 copulativam
851 2736 881 2794 et
914 2731 1063 2812 posterius
1096 2731 1198 2811 adjec-

143 2839 240 2903 tivum
260 2830 597 2921 positum'inveniatur,
621 2857 772 2919 quumque
795 2839 827 2900 lri
850 2858 955 2902 versus
978 2856 1076 2900 meras
1092 2835 1198 2918 Pegasi

143 2945 251 3010 laudes
286 2946 464 3010 contineant
497 2953 528 3008 et
564 2945 672 3026 optimi
709 2947 766 3008 viri
806 2946 854 3008 vel
892 2945 1029 3026 praefecti
1062 2962 1195 3008 comme-

143 3053 276 3116 moratio
306 3052 432 3115 inermis
451 3051 581 3134 just'tiae
609 3052 723 3115 notioni
757 3053 855 3133 aptior
888 3052 929 3115 sit
961 3071 1051 3133 quam
1086 3050 1195 3132 optimi

143 3159 250 3240 legum
287 3160 481 3240 interpretis,
515 3157 600 3221 nulla
633 3177 739 3222 caussa
772 3178 838 3222 esse
870 3160 998 3233 videtur,
1032 3179 1084 3222 our
1116 3159 1198 3221 hunc

143 3265 303 3330 Juvenalis
335 3266 437 3329 locum
460 3266 581 3328 unicum
606 3265 679 3329 talis
702 3267 862 3330 verborum
884 3266 1001 3347 positus
1024 3266 1194 3347 exemplum

141 3374 274 3455 praebere
298 3373 442 3436 dieamus.

226 3481 264 3543 In
297 3480 391 3543 satira
423 3496 511 3555 nona,
546 3498 604 3561 quo
637 3481 702 3543 loco
728 3479 844 3543 Naevoli
868 3481 931 3543 vita
960 3486 1029 3545 ante
1061 3483 1130 3544 acta
1161 3483 1195 3543 et

141 3587 266 3668 templa,
301 3607 368 3667 quar
390 3586 527 3649 libidinis
550 3605 657 3650 caussa
686 3588 877 3667 frequentare
905 3589 1029 3669 solebat,
1062 3605 1195 3652 comme·

141 3696 306 3768 morantur,
330 3713 389 3757 av.
403 3697 444 3758 ‘22
467 3694 511 3757 sic
535 3695 769 3776 scriptumest:

181 3801 302 3880 >Nuper
324 3801 415 3871 enim,
440 3803 478 3862 ert
499 3805 616 3880 repete,
632 3801 756 3884 sanam
776 3801 881 3865 Isidis
903 3805 933 3865 et
959 3801 1186 3883 Ganymedem,

183 3907 284 3972 Pacis
309 3912 339 3972 et
361 3908 502 3972 advectae
525 3912 649 3972 acereta
664 3908 800 3989 palatio
822 3908 949 3972 Matris

183 4015 228 4078 Et
254 4015 401 4079 Cererem
423 4017 517 4097 (nam
539 4035 600 4099 qrrc
623 4037 690 4079 nora
704 4021 839 4096 prostat
852 4015 983 4100 femina
1007 4014 1163 4096 templo?)

184 4123 306 4187 Notr'or
329 4124 462 4207 Aufidio
485 4123 633 4187 moechus
655 4123 815 4188 celebrare
836 4123 972 4188 solebas
