2694 4582
430 341 435 348 .
561 293 604 344 De
624 292 727 361 ellipsi.

204 493 251 556 Et
266 493 418 576 proferre
441 493 516 558 libet
529 494 626 578 flues,
648 495 817 575 maiorque
839 495 967 559 uidetur

204 601 250 663 Et
271 601 386 665 melior
406 603 516 665 uiciuu
538 619 645 682 sepes:
667 603 824 665 mercoris
847 606 877 667 et
898 603 983 667 tuuc
1005 607 1035 668 ct

206 709 354 773 Arbustu
377 712 407 772 et
429 708 530 773 deusu
552 713 691 772 moutam
713 712 770 790 qui
792 715 886 774 cuuet
908 710 1004 776 oliuu.

121 900 172 965 Sic
194 901 398 975 Heinrichius
432 901 572 977 asinius,
604 902 665 964 alii.
710 902 823 964 Weber
845 903 938 965 etiam
962 906 1076 986 puncto
1099 908 1172 989 post

121 1027 211 1090 sepes
235 1014 273 1083 (v.
290 1010 361 1088 143)
385 1008 501 1071 incidit.
545 1007 700 1092 Apodosis
722 1028 740 1072 6
762 1009 851 1072 verbo
867 1011 1024 1073 mercoris
1038 1010 1171 1093 incipere

120 1116 262 1195 creditur,
286 1116 339 1178 sed
360 1133 452 1196 quum
477 1114 648 1178 enunciatio
671 1115 751 1195 prior
773 1135 842 1178 cum
865 1118 987 1197 spodosi
1001 1119 1169 1199 praecedat:

114 1227 270 1302 paretur,
305 1241 404 1302 quum
436 1241 503 1285 uou
535 1220 655 1303 suspicit
685 1241 761 1302 sqq.,
794 1223 870 1286 mire
904 1224 1000 1287 altera
1032 1224 1171 1306 apodosis

120 1331 259 1410 sequitur
281 1332 312 1392 et
333 1346 369 1391 ea
392 1329 435 1391 sio
459 1329 598 1405 formata,
621 1331 657 1392 ut
678 1331 715 1392 ad
732 1329 874 1394 ultimum
889 1331 987 1394 solum
999 1333 1171 1395 membrum

119 1437 267 1500 referatur
299 1438 389 1516 atque
422 1455 492 1498 eum
525 1454 560 1499 eo
594 1437 677 1498 arete
707 1437 858 1500 cohaereat
885 1437 1019 1520 (tuuc).
1071 1439 1171 1502 Aliter

117 1543 202 1606 loeus
215 1533 444 1624 distinguendus
456 1547 512 1618 est,
537 1561 604 1606 narn
618 1544 872 1623 quemadmodum
886 1543 993 1607 uiteru
1008 1546 1171 1630 opponitur
1248 1543 1249 1546 ’

90 1710 94 1723 ,
119 1670 230 1727 uuum,
243 1651 287 1714 sic
298 1669 396 1731 sepes,
410 1650 555 1732 arbusta,
568 1654 707 1713 ruouteru
718 1651 942 1730 angustioribus
954 1651 1065 1715 finibus
1078 1645 1169 1734 oppo-
1205 1681 1208 1686 ·

120 1761 249 1821 nuntur:
274 1778 369 1839 quum
390 1777 442 1820 rus
466 1774 523 1820 non
536 1757 765 1831 sufficitunum
790 1757 1121 1842 alterarillaparatur,
1139 1760 1171 1824 et

120 1864 185 1946 (si)
197 1865 273 1927 fines
284 1866 417 1945 proferre
432 1865 515 1939 libet,
539 1865 695 1944 vicinaque
710 1882 796 1946 seges
819 1865 916 1928 maior
937 1865 1065 1938 ridetur,
1088 1884 1170 1928 mer·

120 1971 198 2035 caris
232 1972 319 2053 hanc.
363 1972 519 2035 Sententia
541 1970 587 2034 Et
601 1970 754 2054 proferre
782 1971 858 2035 tibet
883 1991 953 2052 sqq.
988 1971 1170 2036 condicionis

119 2079 214 2160 igitur
235 2079 300 2142 loco
322 2079 422 2160 posita
444 2081 500 2155 est,
530 2082 562 2141 et
583 2080 733 2163 particula
755 2080 794 2155 si,
817 2078 869 2142 ubi
893 2099 992 2158 puuru
1015 2078 1169 2160 praecedit,

119 2186 301 2248 sententiam
324 2185 560 2250 condicionalem
582 2187 685 2249 crebro
708 2187 849 2268 adjungit
864 2187 918 2250 otr.
936 2187 987 2263 VI,
1011 2189 1168 2252 urs-ts.
1222 2211 1225 2217 ·

205 2293 294 2354 Alter
316 2293 399 2356 locus
421 2294 453 2356 in
475 2294 568 2357 satira
597 2296 682 2356 sexta
708 2292 830 2375 legitur,
864 2293 917 2357 ubi
949 2296 1039 2376 poeta
1072 2312 1171 2357 sacer·

121 2399 222 2462 dotem
248 2399 339 2463 Isidis
369 2403 461 2480 atque
495 2401 727 2481 superstitiones
761 2399 927 2464 mulierum
960 2401 1170 2484 perstringens

119 2507 175 2571 hos
197 2526 302 2570 versus
325 2506 448 2591 scripsit
471 2507 510 2587 (a.
533 2527 561 2570 v.
585 2509 674 2584 535):

203 2675 270 2739 Iiie
285 2677 372 2755 petit
392 2677 529 2750 ueuiuua,
554 2677 678 2755 quoties
700 2693 766 2738 uou
788 2676 929 2740 abstinet
951 2696 1036 2740 uuor

209 2782 389 2847 Concubitu
411 2783 518 2845 sacris
540 2782 813 2862 observandisque
835 2783 957 2862 diebus,

204 2890 396 2972 Mupuuque
419 2890 549 2954 debetur
570 2888 691 2953 uioiuto
709 2909 819 2970 poena
842 2890 991 2955 cadurca.

202 2997 249 3060 Et
270 2999 406 3062 mouisse
429 3001 527 3078 caput
547 2998 621 3060 uisu
643 3000 690 3060 est
712 3001 868 3079 urpeuteu
890 3017 1030 3078 serpeus.

181 3094 183 3098 ⁸
202 3104 304 3169 Illius
326 3105 469 3168 iucriruoe
491 3104 711 3184 meditataque
731 3125 903 3169 murueuru
919 3108 1093 3186 preestuut,

209 3212 251 3278 Ut
271 3214 400 3276 ueniam
421 3211 524 3292 cuipce
545 3232 612 3276 nou
634 3212 760 3276 ubuuut
781 3232 897 3276 uusere
917 3232 1035 3294 ruupuo

205 3319 336 3384 Scilicet
359 3324 389 3384 et
412 3321 502 3383 teuui
517 3340 652 3400 popano
676 3323 850 3400 corruptus
876 3318 992 3384 Osiris.

116 3492 166 3558 Sic
187 3495 361 3577 Madvigius
384 3495 548 3558 orationem
572 3494 737 3570 distribuit,
767 3497 837 3558 ante
860 3494 926 3558 eius
948 3494 1028 3558 enim
1061 3513 1165 3558 emen-

114 3601 268 3666 dationem
301 3606 368 3684 post
401 3601 539 3666 cadurco
574 3601 615 3682 (v.
645 3602 721 3684 537)
755 3605 885 3685 puncto,
927 3604 997 3682 post
1029 3619 1165 3682 serpeus

116 3713 265 3774 commate
287 3709 485 3773 incidebatur.
529 3708 659 3772 Versum
690 3711 792 3788 (538):
825 3706 872 3770 Et
898 3709 1037 3772 uouisse
1067 3712 1168 3789 eaput

115 3817 189 3879 uisu
211 3821 259 3880 est
280 3819 436 3897 urpeuteu
465 3834 599 3896 serpeus
621 3814 826 3895 superioribus
849 3815 1074 3907 adjungendum
1099 3834 1165 3879 esse
1284 3836 1290 3844 ·

116 3925 147 3986 et
169 3924 303 4007 portenti
326 3922 465 4005 expiandi
487 3923 721 4007 descriptionem
745 3922 910 4000 continere,
945 3924 1013 3986 tum
1036 3942 1070 3985 ex
1093 3941 1165 4006 par-

114 4029 207 4093 ticula
230 4034 268 4105 et,
291 4034 360 4093 tum
382 4049 417 4094 ex
438 4030 522 4094 verbi
545 4032 808 4115 temporepatere
830 4028 1006 4111 Madvigius
1029 4029 1111 4104 dicit,
1135 4031 1166 4092 et

115 4137 201 4200 iilam
230 4154 348 4219 quoque
370 4154 511 4201 caussam
533 4138 630 4202 addit:
657 4141 743 4202 »tum
764 4156 800 4200 ex
823 4154 867 4217 eo,
901 4138 982 4217 quod
1006 4138 1076 4217 post
1097 4135 1123 4198 I
1124 4134 1165 4200 ue
