2694 4582
447 301 489 351 lle
509 300 641 353 liberiore
662 300 807 355 verborum
826 301 930 370 positu.
1169 305 1208 366 47

162 503 270 595 pulcri
292 510 381 586 atque
396 505 496 584 spc'rae
510 500 762 585 significationem
784 505 903 579 attinet,
923 505 1068 570 Garrueio
1091 506 1209 569 obtem·

163 614 329 695 perandum
362 615 419 686 est,
454 613 619 692 praesertim
654 631 746 693 quum
781 612 891 675 veteris
925 614 1095 677 scholiastae
1119 615 1210 677 verba

156 720 242 785 hanc
275 720 501 802 explicationem
537 721 760 796 commendent,
794 727 825 782 et
858 721 1013 801 adjectivi,
1049 724 1128 803 quod
1162 728 1209 786 est

164 828 267 909 leupo,
291 829 474 912 significatio
495 828 539 892 sic
560 828 739 904 illustretur,
763 847 821 910 quo
838 829 964 902 accedit,
989 831 1068 911 quod
1093 830 1208 892 retiarii

161 937 243 999 nudo
276 938 374 1018 capite
407 955 540 1018 pugnare
568 935 723 1005 dicuntur,
745 928 809 998 'sed
835 936 1106 1019 quomodocunque
1144 940 1208 1000 haec

162 1048 242 1122 sunt,
265 1043 414 1121 enarratio
437 1043 607 1106 scholiastae
629 1045 796 1116 verhorum,
830 1063 897 1124 quae
921 1047 994 1106 sunt
1025 1045 1144 1108 tunicae
1169 1045 1208 1109 dc

152 1152 320 1236 schottus,
344 1171 380 1216 ea
401 1153 438 1215 de
460 1169 566 1215 caussa
583 1151 685 1214 minus
701 1151 809 1231 placet,
833 1152 912 1232 qnia,
936 1151 1008 1215 licet
1029 1152 1083 1215 illa
1106 1153 1206 1232 verba,

77 1250 79 1255 ’
160 1261 238 1342 quod
263 1278 322 1324 non
344 1261 441 1334 credo,
469 1262 584 1323 certam
606 1262 723 1322 vestem
744 1259 954 1340 gladiatoriam
978 1260 1112 1323 indicare
1135 1279 1206 1342 pos·
1297 1339 1300 1343 Ι
1335 1317 1338 1324 a

161 1369 231 1439 sint,
249 1369 394 1452 junctura
416 1369 583 1431 verborum.
614 1346 764 1446 quaeest:
804 1365 982 1432 Credamus
1016 1369 1135 1444 tundere
1168 1368 1207 1432 dc

160 1475 319 1556 succiduo,
343 1495 443 1539 aureo
471 1495 569 1558 quum
600 1494 635 1538 sc
666 1493 742 1556 sqq,
766 1493 860 1555 neque
890 1495 957 1538 cum
981 1476 1140 1540 Juvenalis
1162 1476 1204 1540 lo·

160 1585 271 1666 quendi
294 1603 352 1647 usu
374 1584 522 1665 congruit,
546 1601 643 1664 neque
666 1581 724 1646 loci
747 1581 944 1647 difficultates
969 1583 1059 1647 tollit.
1099 1584 1204 1665 Ipsum

159 1692 238 1756 enim
262 1691 397 1762 verbum,
433 1692 512 1773 quod
544 1696 590 1755 est
606 1691 770 1772 porrigat,
805 1691 1124 1755 commemorationem
1150 1694 1205 1754 aut

158 1799 224 1872 loci,
247 1817 306 1882 quo
330 1804 438 1874 motus,
462 1798 568 1880 quiin
590 1799 680 1861 verbo
702 1799 791 1876 inest,
815 1799 920 1870 tendit,
946 1803 999 1862 aut
1020 1799 1089 1871 loci,
1124 1800 1202 1862 unde

157 1910 260 1970 motus
282 1908 351 1980 erit,
375 1900 478 1989 aperte
502 1906 664 1981 desiderat,
698 1925 850 1987 quumque
879 1925 967 1970 voces
990 1906 1028 1970 de
1042 1905 1201 1989 furacibus

156 2015 337 2096 praecedant,
360 2016 407 2077 hae
431 2015 593 2090 notionem,
616 2032 682 2094 quaa
706 2014 902 2090 desideratur,
938 2015 1106 2079 necessario
1130 2004 1201 2078 con-

156 2122 264 2196 tinent,
298 2105 494 2203 quamobrem
527 2143 545 2186 a
578 2122 666 2184 verbo
689 2121 742 2184 illo
765 2121 867 2186 divelli
896 2140 955 2185 non
990 2126 1135 2203 possunt3
1169 2123 1202 2186 in

156 2233 283 2312 utroque
306 2230 413 2294 deinde
435 2231 524 2294 uerbo
547 2230 713 2311 (porriput
745 2233 776 2292 et
802 2230 965 2312 jactetur)
1005 2230 1077 2293 talis
1100 2235 1201 2293 motus

155 2338 241 2401 citati
263 2337 445 2420 significatio
473 2339 560 2410 inest,
593 2341 629 2401 ut
650 2337 802 2400 neminem
825 2339 863 2401 ad
885 2337 975 2402 verba
1002 2338 1201 2419 praecedentis

154 2465 259 2510 versus
273 2445 367 2529 sopit
388 2445 612 2527 agnoscendos
635 2450 666 2508 et
680 2446 841 2527 vulgarem
865 2450 961 2525 poetae
985 2465 1087 2519 usum,
1121 2445 1200 2526 quod
1291 2519 1293 2522 ¹

153 2554 297 2618 vocabulo
331 2553 432 2636 aliquo
461 2554 559 2634 posito
582 2554 734 2617 notionem
759 2553 823 2616 eius
846 2553 908 2616 alia
929 2554 1076 2617 orationis
1103 2554 1201 2616 forma

154 2661 297 2726 instituta
319 2662 430 2725 certius
453 2646 584 2736 definiat,
606 2661 772 2724 attendisse
794 2661 967 2724 mirandum
992 2662 1041 2725 sit.
1076 2661 1198 2723 Faciem

153 2769 283 2834 Gracchi
315 2768 477 2851 pugnantis
510 2774 694 2850 spectatores
727 2770 837 2850 partim
872 2769 909 2832 ob
938 2769 1071 2850 spatium
1098 2787 1199 2831 arenae

151 2878 354 2960 interjectum,
388 2877 500 2958 partim
533 2876 571 2939 ob
603 2878 721 2940 vultum
744 2878 777 2941 in
799 2877 959 2940 adversarii
983 2879 1083 2939 motus
1106 2880 1198 2956 atque

152 2985 256 3069 oculos
277 2987 429 3048 attentum
459 3002 622 3066 agnoscere
648 3004 708 3048 non
741 2987 889 3066 poterant,
923 2985 976 3048 sed
1009 3003 1103 3065 quum
1139 2983 1199 3046 reti

151 3091 271 3172 frustra·
281 3092 367 3175 jacto
380 3091 521 3174 superet,
555 3111 648 3174 quum
677 3093 789 3156 nudum
819 3093 857 3155 ad
879 3093 1053 3173 spectacula
1077 3092 1199 3154 vultum

152 3199 283 3280 erigeret
305 3205 337 3262 et
350 3200 419 3282 -J'am
442 3201 513 3264 huic
530 3201 595 3282 jam
625 3199 672 3263 illi
695 3200 911 3281 amphitheatri
934 3200 1013 3282 parti
1036 3200 1197 3280 appropin-

151 3309 266 3389 quaret,
289 3307 428 3371 omnibus
451 3307 689 3388 agnoscendam
717 3327 749 3371 se
771 3308 931 3389 praebebat.
976 3309 1071 3371 Poeta
1106 3308 1198 3372 verba

142 3414 236 3497 sopit
258 3416 575 3496 agnoscendosmore
599 3434 653 3479 suo
676 3416 787 3479 certius
803 3416 949 3479 definiens
971 3434 1094 3479 versus:
1123 3415 1196 3478 Cre·
1253 3419 1256 3426 '

149 3522 265 3586 domus
287 3524 406 3587 tonicae
428 3524 466 3588 de
479 3524 636 3607 saucibus
664 3543 729 3605 sqq.
752 3524 843 3600 addit,
866 3524 973 3604 quibus
995 3524 1097 3604 ipsum
1127 3541 1194 3585 cur·

148 3649 214 3694 sum
240 3635 270 3695 et
292 3632 396 3715 fugam
421 3631 550 3700 Gracchi
572 3632 720 3714 exprimit,
744 3631 936 3711 quamobrem
958 3631 1051 3695 verba
1075 3630 1203 3693 iccirco-

148 3739 186 3805 dc
200 3738 366 3822 succidua,
394 3760 462 3822 quae
485 3739 588 3803 divelli
610 3758 667 3802 non
693 3741 826 3820 possunt,
860 3739 939 3819 quod
963 3741 1051 3802 vetus
1075 3756 1194 3818 quoque
1272 3826 1274 3830 Ι

145 3846 324 3912 schohastes
356 3847 448 3911 aliam
475 3848 514 3911 iis
537 3847 789 3929 significationem
811 3847 967 3929 adfingens
991 3847 1074 3909 recte
1100 3844 1192 3910 intel-

142 3954 225 4030 lexit,
248 3973 345 4036 neque
368 3973 386 4017 a
408 3956 505 4030 verbo,
528 3956 608 4036 quod
631 3959 678 4018 est
689 3953 856 4034 Porrigat,
878 3954 982 4017 divelli
1005 3957 1137 4034 possunt
1159 3957 1190 4016 et

143 4063 181 4126 ad
204 4063 362 4144 sequentia
384 4063 473 4127 verba
493 4063 650 4127 referenda
673 4065 759 4127 sunt:
