2694 4582
606 311 649 362 De
669 309 776 377 ellipsi.
1146 311 1211 376 ,133

161 514 213 577 ubi
255 515 388 578 nobilem
432 514 591 577 mulierem
632 515 697 576 tam
729 513 801 576 altis
839 513 1019 596 capillorum
1057 512 1212 576 ordinibus

161 626 193 685 et
215 622 360 686 tabulatis
374 625 464 702 caput
480 624 638 684 ornantem
656 620 803 704 depingit,
829 626 862 685 ut
874 640 892 684 a
903 621 1002 685 fronte
1015 621 1082 696 alia,
1105 638 1211 683 averse

162 730 220 793 alia
243 748 309 792 esse
331 728 480 806 videatur,
513 730 580 791 haec
609 748 636 791 a.
659 748 687 792 r.
711 731 773 792 504
796 729 896 791 addit:
946 727 1028 791 Cedo
1059 729 1090 790 si
1120 728 1211 810 dreoe

155 838 258 918 parci
280 835 407 900 Sortito
437 839 485 899 est
515 834 630 898 lateris
656 836 823 915 spetiem?
869 834 1004 916 Utroque
1027 835 1093 898 loco
1117 835 1234 902 Hein-.

160 928 274 1007 richins
298 943 420 1025 signum
443 943 688 1024 interrogationis
712 943 801 1017 delet,
825 945 856 1004 et
875 942 1062 1006 locutionem
1085 941 1158 1004 cedo
1180 941 1212 1004 si

161 1069 196 1113 ex
219 1050 394 1130 quotidiano
418 1069 556 1113 sermone
578 1049 706 1131 petitam
729 1068 825 1131 genus
848 1051 998 1130 quoddam
1028 1048 1211 1129 aposiopesis

162 1158 317 1222 continere
340 1157 422 1220 dicit.
468 1158 631 1238 Corriperet
653 1156 779 1235 Quintil.
803 1156 858 1231 IX,
882 1160 960 1222 221:
991 1155 1075 1219 Cedo
1103 1157 1134 1218 si
1155 1174 1212 1218 eos

160 1266 197 1328 in
219 1285 253 1328 eo
279 1263 345 1327 loco
369 1265 490 1343 essetis,
514 1263 595 1344 qnid
615 1263 711 1326 alind
729 1263 912 1344 fecissetis?
935 1267 966 1326 et
978 1263 1038 1328 Cic.
1060 1281 1115 1347 pro
1131 1264 1211 1326 Mur.

165 1371 248 1436 Cedo
273 1372 353 1452 qnid
370 1375 510 1451 posteo?
532 1371 720 1451 laudansque
732 1371 904 1434 Acheintrii
920 1370 1046 1436 alterius
1058 1370 1211 1434 Iuvenalis

160 1479 219 1543 loci
232 1480 454 1542 enarrationem
468 1483 612 1560 (equanto
628 1479 726 1560 magis
738 1479 898 1540 ridendum
911 1478 1010 1553 crito,
1028 1496 1107 1552 eum,
1132 1478 1211 1558 quod

161 1587 284 1668 signum
295 1586 540 1666 interrogationis
553 1586 751 1666 subjunxerit,
774 1585 938 1669 vituperat.
971 1585 1015 1647 En
1028 1586 1210 1648 cohaerentia

161 1693 306 1757 orationis
329 1712 372 1768 ee,
396 1712 462 1773 quae
485 1693 633 1755 audienda
655 1692 723 1762 sint,
756 1693 845 1754 facile
868 1691 985 1755 definiri
1008 1692 1102 1754 addit.
1148 1693 1210 1755 Ru·

161 1802 277 1881 partius
289 1802 416 1863 eandem
428 1802 490 1862 iere
503 1801 583 1862 viem
597 1801 752 1881 ingressus
764 1799 895 1862 alterum
907 1800 1007 1862 locum
1021 1799 1064 1862 sic
1076 1782 1210 1862 enarrat:

164 1908 265 1987 sceda,
289 1909 346 1984 die,
370 1907 441 1988 quid
455 1909 582 1970 credes?
605 1907 677 1987 quid
689 1906 821 1970 deinde?
844 1910 890 1970 vel
903 1910 1015 1987 quanto
1030 1906 1129 1986 magis
1145 1905 1210 1968 scil.

162 2015 251 2078 aliam
276 2016 389 2094 credas
420 2015 445 2077 si
468 2014 556 2076 breve
580 2018 668 2077 cet«.
712 2014 783 2077 Loci
807 2013 988 2092 Quintiliani
1010 2017 1101 2095 atque
1126 2012 1210 2076 Cice-

161 2123 252 2196 ronis,
287 2140 362 2202 quos
384 2110 582 2184 Heinrichius
605 2142 673 2184 cum
697 2121 772 2184 locis
795 2121 953 2185 Juvenelis
976 2125 1138 2201 comparat,
1174 2119 1212 2181 ab

161 2229 210 2292 his
223 2229 334 2292 diversi
351 2231 437 2304 sunt;
460 2229 492 2290 in
503 2229 601 2308 priore
614 2229 694 2291 enim
707 2229 858 2292 sententia
871 2228 1038 2292 condicioni
1051 2228 1212 2308 subjuncta

161 2337 265 2400 addita
287 2339 342 2411 est,
366 2336 443 2398 etin
461 2335 556 2399 altero
579 2335 776 2417 interrogatio
800 2336 957 2415 particulae
981 2335 1054 2398 cedo
1079 2335 1207 2398 additur.

125 2442 126 2446 ’
163 2443 238 2507 Cum
265 2443 417 2505 luvenalis
440 2443 514 2504 loeis
538 2443 627 2504 modo
650 2443 701 2504 hic
713 2440 834 2504 Senecae
849 2442 950 2505 locus:
978 2441 1061 2506 Cedo
1085 2444 1115 2504 si
1137 2461 1210 2522 spes

162 2553 237 2612 teos
259 2547 349 2612 soles
378 2548 519 2628 impedio
551 2551 601 2629 (de
624 2550 712 2612 clem.
735 2551 760 2625 I,
784 2551 817 2627 9)
850 2550 978 2612 conferri
1009 2553 1120 2631 potest.
1168 2551 1210 2612 Ex

161 2657 332 2720 condicione
358 2658 518 2719 sententia
546 2657 771 2738 interrogativae
794 2657 935 2738 adjuncta
960 2656 1033 2718 cedo
1057 2657 1087 2718 si
1109 2660 1207 2718 ortum

159 2768 206 2828 est
230 2767 260 2826 et
283 2764 500 2844 interrogative
523 2764 653 2844 ponitur,
677 2764 782 2826 sedin
805 2763 874 2847 ipsa
896 2763 1115 2844 particularum
1137 2781 1209 2826 con-

155 2870 313 2952 junctione
336 2870 452 2950 ellipsis
475 2871 570 2944 inest;
605 2889 663 2933 non
682 2871 748 2953 jam
770 2871 835 2944 hoc,
861 2872 924 2952 jarn
956 2871 1031 2932 illud
1054 2889 1089 2932 ex
1112 2870 1208 2932 eohee-

158 2978 259 3040 rentia
288 2978 436 3040 sermonis
466 2978 602 3052 auditur,
638 2997 734 3058 neque
768 2977 866 3040 ullum
899 2977 1085 3058 aposiopesis
1113 2995 1210 3057 genus

159 3085 272 3160 subest,
296 3088 327 3146 et
350 3102 409 3164 que
433 3084 655 3165 significatione
677 3085 923 3165 particula-in
945 3084 1104 3169 particulae
1128 3083 1209 3146 enim

159 3189 287 3254 formem
296 3191 407 3254 locutio
416 3191 572 3253 transiisse
580 3192 638 3254 dici
647 3195 747 3273 potest
757 3230 789 3237 -κ
801 3191 1063 3273 epndJuvenalem
1072 3194 1208 3271 ponetur,

158 3297 216 3360 loci
237 3297 297 3378 ipsi
320 3299 436 3374 docent,
472 3298 586 3378 quibus
609 3302 707 3379 poeta,
742 3303 903 3380 postquam
933 3317 998 3362 rem
1025 3315 1209 3382 perversam,

158 3422 248 3484 quam
271 3405 339 3485 quis
357 3406 426 3486 jure
450 3407 612 3468 miraretur·
636 3411 666 3469 et
689 3407 847 3478 derideret
871 3406 1126 3484 commemoravit,
1150 3407 1208 3468 heo

158 3511 308 3591 particula
330 3513 476 3574 maiorem
498 3512 726 3593 perversitatem
751 3513 845 3577 addit.
986 3588 990 3594 Δ

151 3659 154 3665 ,
245 3619 428 3681 Particulem
464 3619 700 3682 condicionalem
736 3620 855 3697 omitti,
893 3623 924 3683 et
957 3621 1109 3702 duplicem
1142 3638 1209 3683 esse

157 3723 248 3788 huius
282 3725 455 3790 omissionis
488 3726 636 3789 rationem
667 3727 841 3809 Madvigius
874 3728 977 3791 doeet:
1012 3728 1145 3812 primum
1176 3726 1209 3788 in

157 3831 245 3894 initio
268 3832 392 3916 periodi,
427 3833 479 3896 nbi
507 3833 539 3896 in
562 3834 713 3896 concitate
735 3837 766 3898 et
787 3834 870 3898 brevi
893 3836 1028 3899 oratione
1053 3835 1094 3907 id,
1127 3833 1206 3914 quod
1307 3838 1310 3844 “

158 3938 341 4002 condicionis
352 3939 417 4003 loeo
429 3940 478 4016 sit,
502 3943 632 4024 ponatur
643 3944 675 4004 et
687 3960 753 4005 esse
765 3941 898 4022 fingatur
910 3979 952 3988 —
965 3942 1009 4006 sio
1029 3941 1110 4005 enirn
1127 3939 1205 4004 tales

156 4046 239 4110 locos
273 4047 464 4132 accipiendos
498 4048 601 4132 potius
631 4067 697 4112 esse
725 4067 816 4129 quarn
846 4068 901 4131 per
928 4049 1207 4130 interrogationem,

156 4153 259 4236 itaquo
289 4173 320 4216 re
347 4173 419 4218 vera
446 4156 629 4239 particulam
659 4175 718 4220 non
748 4157 850 4220 omitti
879 4157 932 4220 sed
963 4157 1028 4220 eius
1060 4158 1208 4242 ponendae
