2694 4582
584 302 626 354 oe
647 302 750 370 errrpsr.
1136 310 1197 374 155

136 501 185 590 'Si
208 502 267 566 tibi
290 503 443 585 lepitimio
458 508 594 584 paetum
617 551 673 567 ...
697 505 776 570 Nou
798 520 831 570 es
854 512 1035 572 amaturus.
1082 509 1195 573 Nostro

144 607 210 674 loco
232 612 322 692 poeta
345 630 411 674 srne
426 611 516 674 dubio
529 611 643 675 Niobes
656 613 791 694 exemplo
813 614 911 694 posito
928 616 967 678 ad
984 634 1106 680 uxorem
1129 634 1193 680 ora-
1310 635 1312 638 ’

145 717 261 779 tionem
283 719 442 794 convertit,
466 719 497 781 et
521 718 611 781 rerba
632 718 676 781 sic
698 720 866 783 enarranda
887 721 973 786 sunt:
1002 722 1097 788 uultu
1119 742 1194 804 pru·

143 824 355 903 citeraeque
373 823 483 904 formu
504 826 622 887 merito
647 826 733 887 tanti
755 830 818 899 est,
852 831 890 890 ut
904 830 1044 907 propter
1066 844 1138 888 eum
1159 843 1194 888 se
1314 849 1317 856 ¹

145 931 205 993 tibi
226 931 363 1010 imputet
385 935 436 1008 (=
450 934 536 995 tuam
552 933 773 996 contumaciam
796 937 887 1015 atque
907 933 1079 1016 superbiam
1094 932 1193 1008 ferat),

144 1037 198 1100 cfr.
228 1058 255 1101 v.
286 1040 347 1104 184
373 1038 528 1118 Quaedam
553 1058 665 1118 paroc
694 1039 823 1118 quidem
845 1041 910 1114 ,sed
930 1061 997 1105 nou
1020 1036 1193 1104 tolerando

144 1145 285 1207 meritis.
331 1146 425 1208 Poeta
458 1147 562 1208 autem
595 1145 732 1209 aNiobe
765 1146 926 1227 gravitatis
963 1151 1053 1228 atque
1087 1146 1193 1208 formae

143 1251 316 1331 exemplum
338 1252 429 1332 petit,
465 1254 496 1315 ct
525 1252 748 1316 substantivum
770 1255 967 1334 pravitatem
995 1270 1110 1334 ponens
1133 1251 1191 1326 vix,

142 1358 224 1438 quod
235 1357 326 1439 vulgo
333 1358 520 1440 intelligunt,
534 1360 569 1421 oe
579 1358 854 1443 cornelianica)
868 1361 1026 1441 splendore
1043 1357 1192 1422 natalium

140 1465 271 1546 cogitat3
311 1465 409 1528 Niobe
436 1465 597 1528 fertilitate
626 1471 734 1547 (prepe
756 1470 910 1529 autorum
940 1487 967 1531 v.
996 1469 1070 1544 175)
1099 1469 1189 1545 atquc

141 1569 240 1634 forma
269 1590 328 1635 non
349 1572 452 1634 minus
481 1590 573 1652 quam
600 1573 720 1653 generis
749 1574 863 1655 origine
892 1575 1122 1654 superbierat,
1158 1573 1190 1634 et

143 1677 287 1741 fertilitas
310 1681 401 1760 atque
425 1679 521 1741 forma
544 1678 655 1742 bonum
678 1680 754 1742 illud
777 1683 833 1756 est,
857 1681 936 1762 quod
954 1699 1115 1744 summum
1137 1697 1190 1740 rc

144 1804 281 1864 rumque
303 1790 343 1858 (v.
370 1785 444 1863 179)
467 1790 609 1868 vocatur,
643 1787 839 1865 quamobrem
860 1787 1011 1868 prauitas
1040 1805 1076 1850 ex
1099 1786 1190 1849 huius

143 1891 244 1955 aetatis
264 1891 407 1972 loquendi
431 1911 490 1955 usu
513 1893 578 1971 (cfr.
602 1893 687 1956 Ovid.
712 1894 835 1956 Metam.
863 1895 916 1971 IX,
939 1896 1000 1960 287
1028 1891 1190 1956 Tendebat

137 1999 287 2078 prauitas
319 2001 447 2060 uterum
479 1997 571 2077 mibi)
602 2001 638 2062 de
661 1999 821 2063 fertilitate
854 2001 974 2065 dicitur.
1031 1999 1190 2080 Voluptas

137 2105 245 2168 deinde
276 2123 335 2168 non
369 2107 416 2168 est
437 2105 577 2185 voluptas
601 2106 736 2170 mulieris
760 2109 811 2171 sed
834 2108 907 2184 viri,
942 2111 973 2172 et
1005 2125 1188 2189 quamquam

138 2213 330 2292 voluptatem
351 2212 487 2293 aliquam
508 2211 578 2293 plus
589 2212 671 2276 aloes
694 2233 784 2294 quam
807 2215 909 2278 mellis
927 2215 1039 2278 habere
1062 2233 1080 2276 a
1099 2215 1189 2294 poeta

142 2318 202 2382 dici
224 2337 312 2399 posse
334 2337 395 2381 non
417 2319 607 2400 negaverim,
641 2322 744 2383 tamen
767 2321 884 2385 nullam
908 2340 975 2386 esse
998 2320 1187 2401 voluptatem

136 2425 179 2487 rei
202 2424 305 2496 ullius,
340 2425 458 2506 quoties
481 2427 545 2489 haec
574 2427 714 2507 voluptas
737 2431 816 2508 (quae
839 2428 935 2510 igitur
957 2429 1057 2506 adest)
1080 2427 1188 2491 animo

136 2531 267 2616 superbo
289 2535 428 2613 corrupta
450 2533 500 2605 sit,
523 2534 596 2596 dure
619 2533 739 2598 dicitur.
784 2534 884 2612 Quum
908 2535 999 2608 enim,
1024 2535 1088 2607 hoo,
1114 2531 1187 2596 nul-

137 2637 200 2702 lam
222 2656 288 2702 esse
309 2639 354 2702 rei
375 2639 577 2720 voluptatem,
611 2640 725 2720 posito,
755 2641 909 2714 condicio,
945 2641 1001 2704 sub
1025 2659 1100 2722 qua,
1137 2639 1187 2704 vel

137 2764 251 2822 caussa,
275 2764 328 2808 our
349 2745 402 2808 illa
424 2765 472 2810 res
494 2747 649 2826 voluptate
671 2750 788 2824 carcat,
819 2748 958 2812 addenda
979 2749 1036 2821 est,
1061 2765 1127 2810 nou
1149 2747 1187 2810 de

136 2853 301 2934 voluptate,
335 2872 402 2934 quae
425 2853 511 2916 nulla'
530 2872 596 2917 esse
613 2854 681 2935 jam
703 2854 784 2918 dicta
806 2856 866 2926 est,
901 2855 1042 2934 corrupta
1072 2853 1125 2916 sed
1149 2853 1185 2916 de

136 2977 169 3021 ro
191 2961 331 3039 corrupta
355 2959 515 3023 dicendum
533 2965 587 3035 est,
611 2963 641 3023 et
656 2963 746 3041 poeta
768 2962 826 3024 hoc
849 2962 913 3024 loco
928 2959 1046 3024 nullam
1071 2958 1186 3023 summi
1211 2971 1216 2980 '

135 3065 205 3130 boni
236 3066 409 3147 (gravitatis
442 3085 478 3130 ac
506 3067 610 3130 formae
645 3068 757 3141 uxoris)
795 3068 983 3148 voluptatem
1017 3067 1080 3130 viro
1117 3084 1184 3130 csse

137 3164 225 3246 dicit,
262 3174 381 3255 quoties
403 3174 460 3237 hoo
482 3192 636 3246 summum
663 3174 776 3238 bonum
798 3174 899 3238 uxoris
929 3175 1031 3237 animo
1053 3174 1186 3255 superbo

138 3284 311 3361 corruptum
334 3281 390 3352 sit,
413 3281 466 3344 sed
490 3280 682 3361 participium
705 3284 860 3360 corrupte
885 3281 964 3363 (scil.
988 3299 1079 3362 uror³
1106 3280 1186 3360 quod

68 3414 69 3417 ¹
136 3387 330 3469 participium
353 3387 445 3451 etiam
467 3388 640 3468 pronomine
664 3388 804 3469 sequenti
824 3387 920 3450 illam
942 3408 969 3452 r.
994 3390 1053 3455 162
1076 3387 1185 3450 delini-

139 3496 202 3570 tur)
238 3512 353 3574 pouens
386 3512 468 3572 eam,
512 3494 543 3557 in
579 3513 638 3576 qua
676 3514 831 3558 summum
873 3495 985 3558 bonum
1020 3494 1118 3568 inest,
1157 3498 1188 3558 et

140 3600 228 3664 errius
249 3601 381 3665 ⁴notioni
420 3620 527 3665 caussa
564 3602 636 3664 boni
682 3601 811 3682 corrupt'
855 3602 987 3676 (animus
1026 3602 1187 3682 superbus)

138 3708 235 3788 aptior
257 3711 313 3785 est,
337 3707 505 3776 substituit.
550 3709 657 3790 Neque
680 3709 737 3772 hoc
758 3709 909 3772 offendere
932 3708 1036 3788 debet,
1060 3725 1132 3771 narn
1154 3708 1187 3770 in

141 3815 198 3878 hac
220 3814 323 3890 satira,
346 3833 412 3894 quae
435 3815 619 3880 feminarum
640 3796 715 3880 sitia
735 3815 929 3897 perstringit,
963 3817 1053 3896 poeta
1074 3814 1187 3896 crebro,

137 3925 230 3987 etiarn
252 3924 304 3987 ubi
327 3923 498 4004 subjectum
520 3925 627 3997 subito,
653 3923 736 3986 nulla
758 3921 978 4004 significatione
1002 3921 1095 3995 facta,
1119 3940 1188 3984 mu·

140 4033 238 4112 tatur,
263 4031 504 4111 substantivum,
539 4033 618 4112 quod
640 4033 688 4094 est
701 4029 847 4113 semiue,
871 4048 969 4104 uuor,
994 4029 1125 4102 omittit,
1157 4031 1189 4091 et
