2694 4582
606 314 649 366 De
669 312 774 380 ellipsl.
1160 315 1219 379 123

169 517 272 593 colon,
295 519 374 598 quod
397 521 429 580 et
450 517 649 581 Heinriohius
671 520 703 581 et
716 517 910 581 Hermannus
932 519 1003 599 post
1025 515 1106 580 tude
1128 533 1220 598 posu—

115 665 117 670 =
170 625 268 700 crunt,
291 624 324 687 in
345 627 493 706 punctum
516 624 629 688 mutari
643 624 742 688 debet.
778 626 873 688 Poeta
893 623 989 707 igitur
1011 623 1113 699 omnia
1135 623 1218 705 dicit,

168 750 265 812 neque
288 732 367 795 atius
391 733 551 812 quisquam
574 731 701 812 loquens
723 731 892 808 inducitur,
926 732 980 795 sed
1002 731 1136 794 oratioue
1158 731 1218 794 im·
1273 712 1279 725 ¹

168 841 276 921 petum
299 841 439 902 sumente
461 839 497 915 ia,
521 838 574 920 qui
595 839 739 920 quuitur,
763 857 807 914 ea,
832 858 900 920 quae
918 839 1075 919 abaliquo
1093 856 1217 919 sesaepe

167 946 288 1024 audisse
312 948 343 1009 et
364 945 468 1010 audire
502 946 625 1010 solitum
650 964 716 1009 esse
740 946 842 1028 fingit,
877 945 968 1008 huius
991 945 1089 1026 ipsius
1118 944 1218 1008 vorbis

167 1054 263 1117 effert.
307 1051 444 1116 Similem
468 1054 597 1116 formam
618 1053 702 1116 locus
724 1053 848 1135 praebet,
872 1071 961 1134 quem
985 1054 1114 1116 tractare
1128 1069 1217 1134 supra

167 1161 346 1224 distulimus
369 1161 452 1238 (VII,
477 1161 677 1239 242-243);

254 1312 334 1376 Hceo
356 1313 473 1393 iuquit,
499 1332 589 1388 curo,
612 1311 670 1374 sed
691 1332 790 1392 quoru
811 1332 846 1376 se
867 1313 1000 1377 uerterit
1022 1331 1139 1383 aanor,

253 1420 381 1500 Aerope,
404 1421 520 1484 uictori
535 1417 683 1500 populus
706 1420 792 1498 qood
806 1419 959 1500 postolat
981 1441 1108 1483 ααναα.

168 1588 284 1653 Verba:
309 1609 453 1670 quernae
474 1608 543 1669 sqq.
568 1589 764 1652 Heinriohius
787 1594 900 1670 poetae,
924 1589 1056 1653 Jahnius
1080 1589 1217 1670 subjecto

167 1696 260 1778 verbi,
286 1699 363 1778 quod
389 1700 436 1760 est
447 1697 565 1777 iuquit,
589 1695 737 1759 attribuit.
772 1696 1087 1760 Animadvertendum
1113 1700 1216 1760 autern

165 1808 222 1880 est,
246 1805 334 1866 modo
357 1823 452 1867 unum
475 1804 608 1867 codicem
633 1823 716 1866 earu
738 1803 796 1867 sed
816 1804 936 1880 habere,
959 1802 1095 1885 reliquos
1118 1821 1216 1866 curae

167 1915 205 1988 et,
229 1931 328 1974 eorus
349 1911 414 1985 sed,
446 1930 537 1973 coreo
559 1914 598 1976 et.
659 1909 690 1974 Si
712 1914 801 1992 poeta
825 1911 1084 1992 simplicissimam
1107 1911 1216 1974 harum

167 2018 510 2083 formarumeurused
531 2018 711 2099 scripsisset,
735 2019 824 2082 modo
845 2037 937 2081 unum
956 2006 1096 2082 codioem'
1113 2035 1216 2081 veram

168 2126 349 2206 scripturam
378 2129 567 2189 servaturum
603 2125 716 2202 fuisse,
754 2125 856 2188 minus
883 2125 1049 2188 verisimile
1084 2129 1147 2202 est,
1185 2128 1216 2189 et

166 2251 260 2313 quum
281 2232 479 2296 Heinriohius
502 2252 536 2294 er
559 2233 616 2295 hao
638 2233 788 2314 scriptura
810 2235 927 2296 ceteras
961 2235 1043 2297 ortas
1067 2252 1133 2296 esse
1161 2234 1214 2296 do-

166 2344 333 2403 monstrare
368 2343 511 2412 conatur,
561 2339 635 2402 nihil
674 2341 755 2403 certe
789 2341 868 2421 agit,
903 2359 974 2403 nam
1008 2343 1123 2404 ceteras
1155 2340 1215 2417 (vol

167 2466 258 2510 unam
283 2467 316 2510 er
341 2447 463 2525 ceteris)
495 2447 532 2510 ob
555 2447 768 2527 imperativum
799 2450 979 2528 sequentem
1001 2448 1032 2510 in
1055 2467 1136 2510 earo
1158 2447 1216 2511 sed

165 2558 300 2617 mutatas
333 2572 408 2628 csse,
446 2554 641 2618 verisimilius
675 2556 755 2617 certe
785 2554 917 2633 videtur,
944 2573 1040 2635 'quarn
1075 2557 1111 2617 ut
1144 2573 1214 2618 oon-

72 2701 92 2708 -
162 2659 318 2743 junctivus
356 2681 448 2724 corea
482 2680 516 2724 ex
551 2661 730 2742 imperativo
760 2660 913 2741 profectus
942 2661 999 2738 sit,
1033 2679 1094 2742 quo
1127 2679 1212 2725 aoce-

169 2768 226 2844 dit,
262 2770 341 2850 quod
374 2769 521 2850 particula
556 2767 748 2831 adversativa
779 2767 838 2830 sed
858 2768 959 2832 minus
981 2772 1053 2849 apta
1075 2773 1138 2843 est,
1173 2770 1213 2845 et,

167 2878 201 2938 ut
222 2895 302 2938 nuno
324 2877 439 2949 editur,
474 2873 675 2956 imperativus
705 2875 814 2954 accipe
837 2897 854 2938 a
877 2875 1059 2957 praecedenti
1083 2875 1214 2956 impera·

165 2983 227 3045 tivo
251 2987 341 3064 atque
371 2983 461 3046 verbo
483 2983 593 3062 iuquit
615 2982 699 3046 nullo
728 2983 815 3047 modo
838 2982 941 3045 divelli
971 2985 1081 3065 potest.
1116 2983 1148 3046 Is
1160 2983 1213 3046 de·

166 3089 265 3170 nique,
289 3090 341 3171 qui
365 3092 533 3153 mercedem
557 3090 785 3166 solveredebet,
808 3091 896 3164 hano,
920 3108 986 3170 quae
1004 3090 1030 3152 ei
1056 3108 1137 3171 aegre
1162 3108 1212 3152 er-

164 3198 297 3278 torqueri
321 3198 471 3260 solereio
494 3197 734 3278 praecedentibus
762 3196 898 3261 versibus
928 3197 1053 3273 dicitur,
1087 3214 1212 3278 parvam

163 3313 244 3367 certe
267 3324 327 3367 non
349 3306 491 3386 aestimat,
515 3306 651 3384 sedeam
674 3305 846 3385 opinionem
869 3304 934 3368 eius
950 3323 1026 3379 esse,
1049 3305 1101 3386 qui
1120 3305 1212 3367 verba

162 3413 280 3475 uictori
306 3411 455 3492 popolus
488 3411 575 3493 quod
600 3411 752 3491 postolat
786 3431 905 3474 αααααα
943 3411 1031 3486 dicit,
1066 3430 1101 3474 cx
1134 3411 1212 3492 ipsis
1312 3436 1314 3439 ·

162 3520 261 3613 verbis
283 3521 358 3584 satis
382 3523 516 3602 apparot,
541 3538 608 3601 quae
631 3519 811 3600 magistrum
834 3538 887 3600 pro
905 3519 1000 3582 totius
1022 3519 1095 3582 anni
1109 3518 1211 3582 laboro
1284 3584 1286 3588 Α

162 3645 223 3690 non
247 3627 393 3690 maiorem
416 3646 568 3690 summam
591 3626 727 3706 accipere
750 3626 846 3690 solere
870 3626 991 3703 dicunt,
1030 3645 1120 3707 quarn
1145 3645 1211 3707 quae

162 3735 195 3795 in
217 3734 295 3797 circo
318 3736 370 3797 uni
395 3734 501 3798 victori
524 3733 660 3796 dabatur.
705 3733 816 3796 Veram
838 3734 1019 3815 scripturam
1049 3734 1081 3796 in
1104 3733 1142 3796 iis
1165 3751 1210 3796 co·

165 3841 283 3906 dicibus
306 3846 456 3905 servatam
480 3861 545 3905 esse
569 3841 763 3914 crediderim,
787 3841 840 3922 qui
862 3861 955 3906 eures
981 3845 1011 3904 et
1031 3842 1146 3906 habent
1168 3845 1212 3913 tet

163 3949 242 4013 inter
265 3966 315 4012 eos
339 3953 386 4012 est
408 3949 498 4013 codex
522 3949 654 4030 optimus
679 3948 862 4012 Hanuiensis
873 3950 909 4030 ¹).
941 3948 1210 4025 Juvenaiis'enim,

164 4083 677 4092 ..—..—.-.—.—-——
1056 4083 1209 4091 ——-

180 4183 200 4247 ¹)
219 4181 408 4241 Heinriohius‚
427 4180 475 4232 ubi
495 4180 609 4234 codices
628 4180 810 4233 Haunienses
830 4186 1038 4246 commemorat,
1058 4179 1093 4232 ab
1114 4193 1210 4232 eorum
