2694 4582
610 271 653 324 De
673 271 779 339 ellipsi.
1155 273 1219 338 135

159 478 192 539 et
226 476 481 556 quemadmodum
522 477 579 539 hoc
615 475 681 539 loco
715 475 865 556 particula
897 476 1112 542 condicionalis
1146 495 1218 541 curn

160 583 302 664 praesenti
318 586 454 664 tempore
476 583 658 664 imperativo
681 583 808 646 alterius
831 583 959 646 membri
981 585 1142 662 antecedit,
1166 585 1211 650 sic

160 707 252 770 supra
283 691 444 764 sententie,
479 709 546 771 quae
580 689 765 753 condicionis
799 688 863 752 loco
897 690 998 771 posita
1029 694 1086 769 est,
1120 691 1215 755 simili

159 797 250 860 modo
272 797 451 879 imperativo
473 797 571 860 misce
588 796 795 877 praemittitur,
819 797 1015 877 quamobrem
1027 799 1074 862 vin
1086 798 1213 862 dubium

161 908 217 980 est,
241 904 314 984 quin
336 906 496 977 commate,
520 922 580 966 non
603 907 725 984 puncto,
759 907 829 987 post
851 903 1002 972 clooclerc
1023 905 1217 969 incidendum

160 1011 216 1088 sit,
251 1015 282 1074 et
316 1011 468 1074 sententia
507 1010 649 1073 Acribus
679 1008 834 1090 exemplis
862 1010 974 1074 videor
1004 1015 1034 1075 te
1067 1011 1217 1077 claudere

160 1119 369 1183 condicionem
392 1120 536 1181 continet.

247 1227 282 1288 In
305 1225 399 1290 satira
422 1224 561 1306 septima,
595 1223 647 1286 ubi
669 1242 696 1287 a.
720 1244 747 1287 v.
776 1227 828 1289 191
864 1225 896 1287 hi
924 1244 1030 1290 versus
1056 1225 1215 1308 leguntur:

519 1375 617 1439 Folia:
640 1379 671 1439 et
687 1375 827 1456 pulcher
849 1381 879 1440 ct
900 1397 985 1456 acer,

205 1483 303 1548 Felici
326 1484 511 1564 cleopiceto
534 1487 563 1546 ct
586 1483 709 1547 nobilis
732 1487 762 1547 ct
782 1503 968 1565 cccccccccc,
1055 1529 1058 1536 ·

205 1591 402 1672 Appositum
424 1592 529 1671 πόρνα)
551 1589 664 1654 locam
686 1591 828 1654 subiecit
850 1591 970 1670 clutec;

204 1697 302 1762 Ferte
325 1701 437 1761 orator
459 1717 585 1778 quoquc
606 1699 770 1760 maximas
793 1702 823 1760 el
837 1698 1028 1779 joculct0r;

160 1886 220 1949 quo
242 1867 308 1931 loco
330 1867 491 1951 sententia,
513 1886 581 1948 quae
598 1869 646 1930 est
656 1867 854 1947 Appositum
875 1867 981 1948 niprcc
1004 1867 1117 1932 lunam
1138 1870 1215 1934 suo

161 1975 243 2038 tecit
264 1973 372 2051 alarice,
406 1973 588 2037 condicionis
620 1973 687 2037 loco
719 1974 829 2055 posita
848 1977 905 2054 est,
939 1977 1010 2056 post
1036 1996 1214 2057 peocrocue

160 2082 273 2146 maiore
296 2082 383 2163 signo
414 2084 484 2162 post
506 2079 606 2143 olatcc
620 2081 735 2145 minore
756 2081 951 2145 incidendum
975 2085 1038 2157 est3
1061 2084 1194 2148 sentent'

161 2190 242 2252 enim
272 2187 496 2262 condicionalis,
530 2188 582 2251 ubi
610 2188 759 2270 particula
788 2189 918 2264 auditur,
953 2189 1113 2253 sententiae
1142 2208 1214 2255 con·

161 2295 272 2360 dicioni
306 2295 450 2377 subjectae
484 2313 603 2376 semper
632 2295 840 2376 praemittitur,
870 2299 902 2359 et
924 2296 1037 2359 frustra
1058 2296 1144 2362 locus
1167 2298 1213 2360 af-

161 2403 265 2478 fertur,
288 2403 341 2484 qui
362 2403 392 2464 in
416 2402 510 2465 satira
531 2409 637 2484 quarta
659 2420 687 2468 a.
700 2422 727 2466 v.
742 2405 781 2468 18
803 2402 834 2465 in
859 2402 1011 2484 plerisque
1027 2402 1212 2469 editionibus

160 2509 205 2573 sio
227 2509 388 2573 scribitur:

207 2660 389 2726 Consilium
412 2660 510 2725 laudo
534 2662 672 2747 artificis
693 2661 730 2724 ia
752 2679 884 2723 munere
906 2662 996 2723 tanti
1092 2656 1094 2662 '

202 2768 411 2849 Praecipuum
431 2770 468 2832 irc
491 2768 613 2832 tabulis
635 2788 742 2832 cerem
763 2767 853 2841 senis
875 2765 1013 2830 abstulit
1035 2767 1125 2846 orbi;

201 2875 265 2939 Est
286 2877 372 2940 ratio
395 2875 541 2952 ulterior,
564 2895 693 2957 mopere
714 2876 745 2938 ci
766 2875 858 2937 misit
880 2873 993 2937 dmiccc

160 3063 232 3108 nam
255 3046 397 3109 inversu
419 3045 518 3130 primo
541 3063 597 3129 pro
619 3046 657 3108 ic
678 3044 840 3127 legendum
864 3046 912 3108 est
932 3044 1005 3121 ei1).

163 3243 317 3252 -.———-—
604 3237 1211 3248 ——--...----.———-——-

186 3357 206 3419 ¹)
225 3355 270 3409 Ad
288 3356 412 3420 verbum,
442 3335 518 3421 quod
536 3361 582 3408 eet
598 3356 671 3419 mcii,
700 3353 845 3420 objectum
872 3352 970 3420 paullo
1000 3351 1097 3406 durius
1126 3351 1210 3406 omis-

229 3455 290 3493 sum
309 3447 354 3494 est
373 3441 474 3507 (munao,
493 3439 537 3493 vel
556 3439 652 3490 malum
669 3440 764 3507 potius
776 3452 846 3495 exv.
859 3439 902 3503 15)
921 3438 972 3491 cfr.
987 3436 1081 3491 satiroe
1092 3436 1209 3490 decimae

227 3540 250 3578 v.
269 3525 333 3580 299:

364 3641 416 3694 sed
432 3651 497 3692 ucat
514 3642 597 3706 optari
604 3642 697 3706 faciem
715 3641 840 3706 Lucretio,
858 3639 951 3704 poclm

363 3727 427 3793 Ipsa
445 3727 541 3787 habaiu
560 3735 653 3790 cuperet
666 3725 758 3775 Rutiloe
783 3724 895 3790 Verpim'c
912 3725 1005 3790 pridem

363 3814 479 3878 Accipere
495 3821 569 3876 atquc
586 3827 654 3860 ecam
672 3809 763 3860 Rutila
780 3808 850 3860 darc.

227 3978 282 4029 quo
306 3963 370 4016 loco
391 3962 595 4016 substantivum
614 3974 804 4027 praegressum
822 3961 933 4026 (faciem)
952 3959 1094 4026 adjectivo
1113 3959 1209 4026 posito

226 4049 314 4114 (mam)
339 4047 407 4100 dure
428 4045 550 4112 auditur,
571 4060 655 4111 quum
673 4051 759 4111 poeta
777 4059 828 4110 pro
846 4053 917 4109 aspre
933 4061 1003 4095 acam
1020 4058 1098 4096 more
1118 4058 1169 4096 suo
1188 4052 1211 4094 et

215 4133 311 4197 sociem
329 4130 423 4185 dicere
442 4131 595 4198 potuisset.
