2694 4582
483 299 525 351 De
544 298 691 365 particulis
712 299 889 366 copulativis.
1163 306 1205 370 83

157 499 315 566 iuvenalis
338 482 374 566 et'
392 503 512 568 Horatii
535 503 592 566 loci
621 522 653 566 re
677 522 747 566 vera
769 502 914 584 bipertita
936 506 1022 584 est.¹)
1053 505 1089 568 In
1112 506 1208 570 satira

156 607 257 685 tertia,
280 609 332 672 ubi
355 629 411 673 av.
424 613 487 675 216
510 610 554 673 sio
576 609 723 692 scriptum
747 614 812 673 est:

514 762 580 826 Hic
601 763 692 826 nudo
715 766 744 826 ei
767 761 910 825 candido
931 763 1040 844 sipon,

219 867 286 932 Hic
308 868 438 949 aliquid
453 869 654 949 princiacum
676 869 909 950 Euphranoris
932 873 961 932 et
983 869 1149 949 Polycleti,

221 974 512 1042 Piaecosionorom
533 981 642 1040 cetera
664 980 857 1040 ornamenta
880 976 1020 1052 deorum,

219 1083 285 1148 Hic
308 1083 408 1147 libros
431 1083 542 1162 aeota

154 1271 248 1334 quum
270 1252 431 1318 Juvenalis
455 1254 625 1334 asyndeton
653 1254 733 1316 inter
765 1253 941 1334 anaphoras,
975 1253 1026 1333 qui
1059 1271 1124 1317 mos
1159 1257 1207 1318 est

155 1359 285 1442 Virgilii,
316 1379 467 1442 nusquam
489 1361 709 1436 interseruerit,
734 1379 848 1436 versus,
877 1360 928 1441 qui
951 1363 998 1423 est
1019 1358 1206 1424 Phaecosio·

153 1486 271 1530 noram
292 1470 401 1530 ociore
424 1471 618 1531 ornamento
640 1467 781 1543 deornm,
810 1468 899 1530 modo
928 1467 974 1530 ita
996 1468 1129 1548 expediri
1152 1487 1206 1550 po-

153 1577 224 1654 test,
258 1576 293 1637 ut
325 1575 391 1637 haeo
426 1576 517 1638 verba
539 1575 696 1656 adjectivo,
731 1575 810 1655 quod
834 1577 881 1638 est
909 1572 1119 1653 preclarum,
1152 1593 1206 1656 per

153 1682 372 1765 appositionem
405 1681 551 1765 adjuncta
584 1699 650 1744 esse
687 1681 835 1744 dicantur.
894 1681 944 1744 Sic
981 1683 1084 1744 autem
1120 1682 1205 1747 locus

152 1789 267 1852 exitum
288 1789 463 1853 nonhabet
486 1792 528 1869 et,
552 1807 590 1851 ue
613 1789 650 1850 de
674 1787 829 1865 vocabulo,
853 1788 932 1870 quod
955 1787 1206 1853 estPiaecosio·

151 1915 277 1969 noram,
291 1895 398 1972 dicam,
418 1897 505 1959 ouius
528 1896 626 1959 forma
649 1913 710 1959 non
732 1895 833 1959 minus
856 1895 1020 1978 singularis
1043 1900 1090 1959 est
1112 1914 1205 1977 quam

151 2020 187 2065 ea
220 2003 421 2084 significatio,
458 2023 525 2084 quae
561 2004 588 2066 ei
623 2002 797 2083 adfingitur,
834 2003 909 2066 satis
943 2001 1002 2065 erit
1033 2005 1204 2082 annotasse,

150 2109 264 2172 multos
287 2113 377 2190 atque
399 2111 493 2174 bonos
518 2110 637 2174 codices
660 2109 742 2173 Hcec
763 2109 967 2172 Asianorum
994 2109 1114 2191 habere,
1148 2127 1202 2192 pro

150 2234 210 2296 quo
231 2217 408 2297 pronomine
429 2217 564 2281 Jahnius
587 2217 654 2280 Hic
676 2217 840 2299 legendum
874 2234 940 2279 esse
974 2216 1078 2280 credit.
1124 2215 1203 2295 Quid

151 2341 221 2386 vero
231 2323 368 2404 impedit,
392 2325 558 2405 quominus
580 2327 672 2405 poeta
693 2324 774 2386 inter
796 2323 876 2386 viros
899 2323 976 2386 dona
998 2327 1029 2386 et
1050 2323 1204 2407 impensas

150 2429 338 2493 conferentes
361 2429 508 2495 feminam
532 2431 764 2494 interseruerit?

99 2520 108 2534 ’
235 2536 270 2598 In
294 2535 387 2599 satira
415 2539 521 2600 octava
543 2540 642 2619 poeta,
665 2542 828 2618 postquam
852 2534 1006 2599 Ciceronis
1029 2536 1065 2598 de
1088 2537 1200 2618 repub·

148 2641 208 2705 lica
236 2643 371 2706 Romana
400 2644 509 2708 merita
545 2645 692 2724 exposuit.
728 2661 746 2706 a
775 2664 800 2706 v.
824 2645 888 2708 240
909 2643 965 2706 hos
992 2661 1097 2706 versus
1127 2643 1199 2706 sub·

142 2748 264 2831 jungit:

193 2887 334 2964 Tantum
355 2901 460 2982 ipitor
481 2920 592 2964 muros
614 2901 706 2964 inira
730 2905 806 2982 iope
829 2899 967 2963 contulit
987 2900 1042 2963 ilii

189 3007 344 3071 Nominis
366 3029 405 3072 oc
427 3007 526 3084 iiiiii,
550 3011 710 3088 quoniam
732 3028 799 3071 noa
820 3007 979 3090 Leucade,
1004 3011 1164 3088 quonium

192 3113 368 3179 iiiessolioe
390 3119 515 3196 canipis
541 3115 700 3179 Octavios
723 3115 860 3179 obstulit
881 3114 945 3177 ndo

192 3220 341 3286 scottos
364 3224 512 3286 assiduis
532 3222 656 3305 plodio.
703 3222 769 3286 Sed
789 3222 896 3286 Romo
912 3225 1093 3303 parentem,

186 3326 294 3392 Roma
309 3333 441 3409 patrem
457 3332 583 3411 patrico
608 3330 797 3394 Ciceronem
821 3330 925 3395 libero
947 3329 1040 3392 dicii.

142 3495 346 3572 Heinrichius,
381 3501 417 3562 ut
445 3499 476 3561 in
508 3499 603 3564 altero
630 3500 767 3563 membro
798 3503 867 3580 post
895 3499 1078 3580 anaphoram
1099 3497 1195 3578 parti-

143 3604 245 3666 culam
266 3624 333 3668 non
356 3607 499 3669 omissam
529 3624 595 3669 esse
618 3606 734 3686 probet,
756 3608 831 3670 duos
853 3607 936 3670 locos
947 3608 1016 3682 (sat.
1027 3604 1085 3668 XV
1095 3625 1123 3668 v.
1137 3607 1195 3678 24;

968 3777 1184 3784 --———-—-

166 3895 185 3958 ¹)
210 3893 306 3947 Simile
335 3898 469 3962 loquendi
493 3913 581 3963 genus
601 3897 655 3949 hoo
674 3897 786 3950 Horatii
804 3897 868 3950 loco
889 3903 994 3951 exstat:
1030 3896 1063 3947 si
1086 3897 1192 3960 qaudam

209 3980 277 4030 oirnis
286 3982 392 4047 antique,
412 3983 436 4030 si
439 3982 557 4047 pleraque
567 3982 629 4031 dora
638 3983 728 4031 Dicere
746 3981 821 4031 credit
837 3999 884 4048 eos,
905 3982 989 4047 iynaoe
1006 3980 1082 4031 multa
1092 3983 1190 4045 fatetur

207 4062 312 4131 (Epist.
332 4064 370 4130 II,
390 4067 414 4130 1,
433 4067 487 4132 66).

982 4149 1015 4202 6*
