2694 4582
198 284 261 348 222
485 278 527 329 De
546 276 710 329 notionibus
730 275 943 328 transferendis.

197 484 395 548 madmcdnm
417 499 486 562 pars
507 480 553 543 ita
573 497 627 561 pro
649 478 934 560 perstrepentur,
968 477 1014 541 sic
1036 496 1094 541 non
1120 497 1185 541 rare
1208 477 1252 553 id,

90 591 92 595 ’
198 593 277 674 qued
307 591 427 670 insigne
457 589 506 651 vel
535 587 690 672 proprium
720 587 852 650 heminis
875 585 1003 649 adonius
1026 587 1087 661 est,
1120 603 1173 666 pro
1197 586 1252 648 bc-

196 701 279 764 mine
302 698 373 780 poni
396 697 484 771 solet,
507 698 543 758 ut
556 692 670 777 soecos
692 712 745 775 pro
768 693 900 773 consule,
924 693 1054 756 cithero
1075 712 1130 774 pro
1154 691 1251 756 citha-

196 808 303 879 roedo,
338 804 446 888 officio
468 804 513 866 ve]
539 799 689 881 sportula
723 819 776 882 pro
808 800 988 872 clientibus,
1023 805 1174 864 aratrum
1198 819 1253 880 pre

196 920 321 989 aratore,
346 913 425 994 quod
436 912 473 974 ad
485 929 533 974 res
546 928 665 991 queque
679 910 711 971 et
722 907 860 971 notiones
880 908 1049 972 abstractas
1062 908 1252 972 extenditur:

196 1022 312 1085 laurus
340 1038 394 1102 pro
417 1019 545 1082 victoria
566 1017 704 1099 ponitur,
733 1034 880 1095 peracuto
902 1034 958 1100 pro
981 1017 1092 1092 mimo,
1125 1034 1252 1096 syrma,

195 1128 346 1194 cothurni
379 1145 433 1208 pro
457 1123 612 1206 tragoedia
636 1122 727 1197 siml,
752 1142 819 1204 quae
843 1124 980 1197 notiones
1002 1123 1154 1186 actionem
1176 1139 1265 1204 que.

194 1251 252 1314 que
282 1235 434 1312 peragunt
467 1236 498 1295 et
531 1231 703 1295 humaniter
734 1239 860 1312 agentes
882 1228 1083 1294 inducuntur:
1131 1228 1250 1313 Officio

187 1337 380 1419 praecedunt
412 1340 471 1420 (X,
503 1343 572 1418 45),
607 1337 766 1419 Sportula
789 1336 905 1400 laudat
934 1337 1254 1417 Farrariorum,

196 1450 266 1527 83),
303 1446 374 1510 Bos
397 1447 437 1510 ob
465 1448 597 1528 ingrato
621 1447 696 1526 jora
722 1445 902 1528 fastiditus
935 1450 1048 1510 aratro
1072 1445 1127 1520 (X,
1143 1437 1145 1442 ⁸
1161 1444 1250 1525 270),

193 1556 272 1617 unde
303 1555 506 1627 factumest,
540 1561 574 1617 ut
598 1553 734 1617 notiones
761 1553 924 1617 abstractae
945 1571 999 1634 pro
1021 1551 1169 1617 concretis
1204 1553 1252 1615 ita

193 1661 349 1724 interdum
372 1664 572 1743 ponerentur,
600 1664 636 1724 ut
658 1662 741 1724 notio
763 1667 866 1737 tamen
889 1679 1024 1742 personae
1047 1661 1166 1751 agentis
1189 1678 1247 1723 nen

192 1769 280 1849 plane
303 1771 513 1832 evanesceret:
541 1766 697 1849 Corcjupii
712 1769 847 1850 scapeia
860 1768 958 1849 (VIII,
983 1771 1066 1843 219),
1090 1766 1245 1830 Libidine

192 1874 336 1939 saliceto
359 1875 430 1956 (VI,
461 1879 552 1951 318),
588 1874 710 1938 Vitium
724 1873 817 1958 forro
840 1879 1017 1956 prosector
1041 1876 1137 1957 (XIV,
1163 1879 1248 1956 174),

199 1981 288 2046 Vitio
311 1982 429 2045 ultimo
453 1985 661 2059 conlocauerat
683 1985 713 2045 ot
734 1983 917 2046 remordeat
938 1984 991 2065 (II,
1015 1986 1078 2061 34),
1101 2004 1169 2065 quaa
1192 2004 1265 2050 eu·⁴

166 2122 168 2126 Α
193 2091 294 2170 ampla
316 2091 394 2170 apud
409 2089 430 2152 J
433 2090 589 2152 uvenaIem
608 2089 765 2167 crebrIora,
789 2109 881 2170 quam
901 2091 992 2172 vulgo
1016 2095 1147 2171 putetur,
1171 2111 1238 2157 esse

192 2197 380 2259 crediderim.
425 2196 462 2258 In
486 2196 577 2258 satira
600 2197 692 2269 xm,
726 2201 886 2277 postquam
911 2201 999 2279 poeta
1022 2198 1163 2262 scelerati
1185 2201 1241 2263 hc-

190 2303 281 2366 minis
304 2304 340 2366 de
363 2303 487 2365 deorum
511 2321 607 2383 poena
630 2304 831 2384 cogitationes
855 2305 1001 2385 exposuri,
1025 2304 1108 2368 sica
1132 2326 1159 2369 v.
1185 2311 1247 2374 106

191 2411 428 2492 scriptumest:
524 2434 529 2445 ·

234 2561 290 2625 Sic
313 2563 460 2626 ocimum
483 2564 563 2626 dirce
586 2563 748 2645 trepidam
762 2563 944 2646 formidine
967 2563 1069 2644 calpcc

238 2668 448 2754 Confirmant.
496 2671 587 2734 Tace
610 2675 639 2734 te
660 2691 759 2734 soora
781 2671 826 2733 cd
848 2671 983 2734 delubra
1004 2677 1171 2737 uocantem

233 2775 403 2854 Praecedit,
427 2778 556 2841 trabere
578 2779 674 2841 immo
698 2778 785 2841 altro
809 2799 847 2840 oc
868 2799 987 2843 oerore
1002 2785 1157 2860 porcius.

189 2959 248 3027 quo
280 2945 347 3009 loco
375 2946 571 3010 Heinricbius
604 2966 764 3010 numerum
800 2966 902 3012 »more
935 2954 1049 3029 poetae«
1081 2953 1237 3015 mutatum

189 3072 254 3116 esse
278 3053 367 3127 dicit,
390 3053 512 3127 etalii,
536 3054 617 3116 Inter
639 3072 713 3134 quos
737 3055 939 3134 Hermannus,
963 3076 1016 3137 pro
1039 3058 1243 3141 confirmaret.

192 3159 290 3233 Turio,
314 3179 406 3241 quam
428 3161 610 3241 scripturam
633 3160 742 3240 optimi
765 3161 884 3224 cedices
903 3163 1024 3241 habent,
1047 3167 1245 3249 confirmaris

189 3271 266 3330 icccc
288 3268 438 3342 scribunt,
467 3267 519 3330 alii
543 3268 712 3350 coufirmat
734 3268 932 3332 substituunt.
977 3271 1077 3336 Etiam
1100 3273 1243 3350 Jahnius,

187 3393 374 3456 quamquam
405 3375 497 3469 codex
520 3375 705 3438 Pitheeanus
733 3375 825 3438 habet
848 3378 1049 3461 confirmaret,
1072 3383 1243 3466 coufirmat

186 3483 218 3544 in
240 3486 329 3545 textu
351 3482 462 3563 posuit.
508 3481 637 3545 Numeri
660 3483 797 3558 mutatio,
821 3487 899 3562 quod
916 3492 983 3567 jam
994 3487 1134 3563 vidimus,
1159 3493 1240 3570 apud

186 3589 371 3653 Juvenalem
406 3592 504 3652 certos
537 3588 613 3652 fines
647 3609 707 3653 nen
735 3593 905 3672 egredItur:
940 3598 993 3658 aut
1027 3597 1108 3660 enim
1141 3602 1241 3679 poeta,

187 3713 247 3759 uno
273 3696 340 3758 vitii
363 3695 492 3759 alicuius
515 3697 651 3778 exemplo
673 3698 806 3778 prolato,
829 3717 882 3780 per
903 3700 1052 3782 pluralem
1079 3723 1240 3769 numerum

186 3821 291 3866 omnes
319 3803 475 3877 homines,
510 3804 562 3885 qui
585 3823 619 3867 eo
643 3805 796 3883 laborant,
831 3809 1056 3888 complectitur,
1091 3814 1239 3886 anticio

184 3928 294 3992 genere
318 3914 570 3987 commemorate,
599 3912 769 3993 exemplum
801 3915 904 3977 sumit.
948 3915 1008 3979 Hic
1035 3917 1120 3982 Iocus
1150 3936 1239 3982 are·

184 4017 258 4099 gula
280 4017 431 4081 declinare
454 4017 589 4093 videtur,
624 4039 693 4081 nam
724 4023 814 4101 poeta
846 4040 865 4084 a
893 4022 996 4086 tacitis
1019 4024 1149 4088 hominis
1172 4043 1238 4088 sce·

183 4124 254 4188 Iesti
278 4125 514 4207 cogitationibus
537 4126 575 4187 ad
597 4126 698 4207 Ipsum
720 4126 875 4191 hominem
897 4129 1009 4194 certius
1032 4132 1238 4198 definiendum
