2694 4582
141 274 183 336 32
421 269 464 322 De
484 267 619 322 liberiore
638 267 785 321 verborum
803 267 910 334 positu.

143 472 334 554 Ganymedis
356 472 387 535 iu
409 471 492 553 pacis
515 471 629 552 templo
652 471 800 535 collocata
821 469 927 544 fuerit3
961 470 992 533 in
1025 472 1083 534 hoo
1111 470 1197 534 enim

143 580 268 661 templo,
292 580 371 660 quod
393 579 518 659 antiquo
541 578 624 660 pacis
647 578 761 660 templo
782 578 852 659 igne
875 578 1035 659 absumpto
1053 577 1198 659 aVospa·

145 688 230 750 siano
252 687 439 749 edificatum
461 689 562 765 atque,
593 689 626 749 ut
649 686 728 766 apud
750 685 928 765 Josephum,
960 685 1098 778 Dionem,
1134 683 1198 748 Pli·

144 793 229 857 nium
253 793 395 874 legimus,
431 792 537 856 multis
567 793 678 856 statuis
701 793 889 874 picturisque
919 792 1027 855 eximie
1057 798 1200 855 omatum

148 904 223 971 erat,
248 903 279 964 et
302 900 526 980 disputationes
549 900 653 962 haberi
684 899 790 963 solitas
813 900 844 963 et
865 898 1082 962 bibliothecam
1103 896 1201 963 luisse

145 1013 253 1072 notum
276 1011 330 1082 est,
354 1007 401 1070 ita
423 1010 458 1069 ut
480 1007 560 1069 inter
585 1009 711 1076 statuas,
735 1025 801 1087 quae
819 1023 980 1086 nusquam,
1002 1005 1200 1092 quodecim,

145 1115 318 1179 accuratius
331 1113 549 1187 deseribuntur,
574 1113 762 1194 Ganymedis
785 1132 901 1195 quoque
917 1116 1052 1177 statuam
1068 1112 1203 1195 positam

147 1223 250 1298 fuisse,
274 1221 451 1284 incredibile
475 1221 607 1284 nonsit.

232 1330 268 1392 In
291 1329 387 1394 satira
409 1328 498 1411 XIII,
521 1327 573 1390 ubi
595 1332 683 1409 poeta
705 1328 780 1392 vitia
802 1328 1020 1391 omniaRomar
1041 1328 1087 1391 ita
1108 1327 1202 1391 abun·

149 1438 220 1500 dare
234 1438 329 1504 docet,
354 1438 389 1498 ut
411 1435 437 1498 si
460 1435 560 1499 scelus
582 1437 653 1511 aute
675 1435 847 1498 inauditum
869 1435 1087 1510 committatur,
1111 1451 1203 1498 nemo

149 1545 213 1625 jam
237 1545 368 1624 stupeat.
392 1560 448 1605 av.
468 1545 527 1606 162
549 1543 614 1604 haec
636 1542 748 1623 scripta
770 1546 857 1605 sunt:

196 1696 278 1776 Quis
301 1693 460 1756 tnrrnidurn
480 1697 595 1774 pnttnr
617 1696 759 1758 mirotnr
781 1696 817 1757 in
840 1694 1004 1775 Alpnbus?
1027 1699 1086 1759 out
1107 1695 1181 1778 quis

192 1803 236 1866 In
258 1801 371 1865 Meroe
394 1820 505 1864 crosso
529 1803 685 1866 moiorem
707 1802 835 1885 insonte
857 1803 1063 1867 monilium?

198 1909 329 1974 Ocernelo
352 1911 425 1991 quis
447 1911 574 1989 stupuit
601 1910 759 1975 Genneoni
783 1910 917 1991 turnino,
933 1911 1061 1993 florum

198 2017 373 2081 Caesoniam
396 2021 426 2079 et
447 2016 577 2080 modion
601 2021 799 2100 torquentem
821 2038 946 2083 eornno
968 2018 1078 2082 cirre?
1124 2002 1126 2007 ¹

152 2187 195 2248 idn
228 2204 396 2267 praegresso
430 2187 571 2267 genetivo
600 2186 759 2250 Germani
788 2188 979 2252 aecusativus
1005 2187 1207 2252 Germanum

153 2294 191 2356 ad
203 2293 397 2375 participium
413 2296 611 2375 torquentem
628 2295 719 2375 vulgo
743 2295 872 2370 auditur,
896 2296 949 2359 sed
972 2295 1206 2373 substantivum,

154 2401 235 2480 quod
259 2402 306 2463 est
333 2398 518 2474 Uesuuium,
554 2419 618 2463 eam
652 2401 733 2464 inter
762 2403 820 2464 duo
849 2402 996 2485 adJectiva
1018 2403 1154 2486 (yiouorn
1176 2404 1210 2466 et

157 2510 370 2589 torquentem)
393 2509 494 2571 sedem
519 2510 611 2582 tonet,
646 2527 735 2588 quam
758 2510 837 2590 apud
860 2509 1041 2573 Iuvenalem
1064 2508 1208 2573 substan·

157 2615 222 2690 tivi,
245 2616 283 2678 ad
307 2616 384 2696 quod
409 2617 470 2678 duo
492 2616 642 2697 adjectiva
663 2617 842 2696 pertineant,
864 2616 1210 2697 proprIamessedocui·

159 2741 236 2796 mus,
260 2741 412 2804 quumque
436 2724 493 2786 duo
517 2723 652 2785 membra
674 2741 728 2803 per
749 2724 914 2804 asyndeton
936 2723 1008 2804 poni
1031 2723 1210 2805 frequentis·

93 2916 95 2920 Α
158 2829 271 2893 simum
308 2831 357 2903 sit,
393 2835 424 2893 et
457 2831 540 2893 notio
568 2831 662 2905 verbi,
696 2830 775 2910 quod
804 2829 840 2892 de
868 2847 997 2911 persona
1019 2835 1128 2912 agente
1151 2830 1212 2894 diei

159 2936 248 3016 solet,
273 2937 309 3000 ad
333 2955 407 3012 rem,
442 2955 502 3017 qua
524 2937 573 3000 uel
595 2937 627 2998 in
650 2955 709 3017 qua
732 2937 843 3017 agitur,
877 2938 979 3002 erebro
1001 2919 1211 3013 transferatur,

164 3043 242 3106 nihil
264 3062 380 3107 caussae
393 3047 448 3118 est,
471 3062 525 3106 cur
535 3042 678 3124 loquendi
688 3061 794 3124 genus,
818 3063 906 3126 aquo
917 3045 1076 3110 JuvenaIIs
1088 3046 1212 3111 omnino

160 3150 302 3224 abstinet,
324 3149 469 3213 hocloco
491 3151 590 3214 inesse
613 3153 746 3231 putetur.

246 3256 445 3321 Vexatissimi
479 3259 550 3320 sunt
579 3258 708 3339 denique
731 3277 837 3322 vorsus
860 3259 961 3324 satIrae
984 3261 1098 3340 quartae
1120 3259 1214 3341 pn'mi
1282 3301 1285 3306 Δ

162 3364 273 3446 (1-4)
284 3386 292 3427 t

204 3515 289 3581 Ecce
311 3518 434 3580 iterum
460 3516 643 3598 Crispinus,
667 3520 697 3580 et
719 3520 766 3580 est
787 3516 868 3580 mibi
889 3537 974 3599 saepe
994 3517 1160 3582 noconius

205 3624 261 3687 no
275 3628 402 3704 portes,
428 3628 609 3687 monstrum
631 3623 726 3687 notio
747 3625 867 3689 uirtute
889 3625 1087 3706 redemptum

206 3734 233 3795 A
259 3733 359 3805 utitis,
384 3751 469 3813 ceper
490 3732 627 3813 soloque
649 3731 784 3796 libidine
796 3733 918 3815 sortis:

206 3839 355 3904 Deiieios
376 3839 483 3902 uiduae
506 3843 634 3903 tontum
654 3841 888 3923 ‘(o)spernotnr
910 3840 1048 3905 adulter.

165 4011 225 4073 Pro
258 4013 288 4073 et
320 4013 368 4073 est
402 4009 506 4073 crebro
543 4008 635 4072 odest
672 4008 792 4090 legitur.
844 4011 1046 4093 Adjectivum,
1068 4011 1148 4092 quod
1169 4013 1218 4074 ost

165 4137 258 4198 ceper,
283 4117 328 4180 ita
351 4116 528 4198 explicatur,
562 4121 598 4181 ut
626 4117 708 4180 idem
732 4120 822 4200 atquo
848 4118 1015 4194 »Infirmus
1048 4119 1217 4192 enervatus,
